%% ======== CAES thesis ============
@mastersthesis{zhubajie,
  author =       {猪八戒},
  title =        {论流体食物的持久保存},
  school =       {广寒宫大学},
  year =         2005,
  address =      {北京},
  lang =         "zh",
}

@phdthesis{Thesis-Zhangxinjin,
  author =       {张新敬},
  title =        {压缩空气储能系统若干问题的研究},
  school =       {中国科学院研究生院(工程热物理研究所)},
  year =         2011,
  address =      {北京},
  lang =         "zh",
}

@phdthesis{Thesis-Liubin,
  author =       {刘斌},
  title =        {计及风电不确定性的交流最优潮流研究及应用},
  school =       {清华大学},
  year =         2015,
  address =      {北京},
  lang =         "zh",
}
@mastersthesis{Thesis-Wangmeng,
  author =       {王萌},
  title =        {压缩空气储能系统建模与全生命周期3E分析与比较研究},
  school =       {华北电力大学},
  year =         2013,
  address =      {北京},
  lang =         "zh",
}

@mastersthesis{Thesis-Zhanglei,
  author =       {张磊},
  title =        {压缩空气储能系统效率分析},
  school =       {北京交通大学},
  year =         2013,
  address =      {北京},
  lang =         "zh",
}

@mastersthesis{Thesis-Zhouquan,
  author =       {梁奇},
  title =        {AA-CAES概念系统设计计算及性能分析},
  school =       {华北电力大学},
  year =         2014,
  address =      {北京},
  lang =         "zh",
}

@mastersthesis{Thesis-Liangqi,
  author =       {梁奇},
  title =        {压缩空气储能系统多级离心压缩机气动设计与分析},
  school =       {中国科学院工程热物理研究所},
  year =         2014,
  address =      {北京},
  lang =         "zh",
}

%% this should be a postdoc report, double check the citation format
@book{Thesis-Ranpeng,
  author =       {冉鹏},
  title =        {压缩空气储能发电系统运行特性及工程方案研究},
  address =      {北京},
  publisher =    {清华大学(博士后研究报告)},
  year =         2014
}

@phdthesis{Thesis-Yangxinghua,
  author =       {杨兴华},
  title =        {压缩空气储能用涡旋式压缩/膨胀复合机的性能研究},
  school =       {华南理工大学},
  year =         2014,
  address =      {广州},
  lang =         "zh",
}

@phdthesis{Thesis-Zhangyuan,
  author =       {张远},
  title =        {风电与先进绝热压缩空气储能技术的系统集成与仿真研究},
  school =       {北京：中国科学院研究生院(工程热物理研究所)},
  year =         2014,
  address =      {北京},
  lang =         "zh",
}

@mastersthesis{Thesis-Zhangxuelin,
  author =       {张学林},
  title =        {{TICC}-500压缩空气储能发电示范平台热回馈系统设计及实验研究},
  school =       {中国科学院理化技术研究所},
  year =         2015,
  address =      {北京},
  lang =         "zh",
}

@phdthesis{Thesis-Lixuemei,
  author =       {李雪梅},
  title =        {先进绝热压缩空气储能系统部件特性对系统性能影响的研究},
  school =       {中国科学院工程热物理研究所},
  year =         2015,
  address =      {北京},
  lang =         "zh",
}

@mastersthesis{Thesis-Zhuangfeifei,
  author =       {庄飞飞},
  title =        {风力压缩空气储能系统功率变换器设计与优化控制},
  school =       {山东大学},
  year =         2015,
  address =      {济南},
  lang =         "zh",
}

@mastersthesis{Thesis-Lvweilong,
  author =       {吕伟龙},
  title =        {新型风力压缩空气储能系统结构优化设计与能量管理},
  school =       {山东大学},
  year =         2015,
  address =      {济南},
  lang =         "zh",
}

@phdthesis{Thesis-Wangsixian,
  author =       {王思贤},
  title =        {0.5{MW}绝热压缩空气储能系统理论与实验研究},
  school =       {中国科学院理化技术研究所)},
  year =         2016,
  address =      {北京},
  lang =         "zh",
}

@mastersthesis{Thesis-Zhengxiangchang,
  author =       {郑祥常},
  title =        {等温压缩空气储能技术的装置优化及其运行评估},
  school =       {华北电力大学},
  year =         2016,
  address =      {北京},
  lang =         "zh",
}

@mastersthesis{Thesis-Zhaozhengjia,
  author =       {赵振家},
  title =        {非补燃式压缩空气储能系统动态建模仿真与控制策略研究},
  school =       {河北大学},
  year =         2016,
  address =      {保定},
  lang =         "zh",
}

@mastersthesis{Thesis-Lishengpeng,
  author =       {李生鹏},
  title =        {非补燃式压缩空气储能系统建模与仿真},
  school =       {华北电力大学},
  year =         2016,
  address =      {北京},
  lang =         "zh",
}

@mastersthesis{Thesis-Wangzheng,
  author =       {王真},
  title =        {含压缩空气储能的CCHP型微网容量优化配置},
  school =       {山东大学},
  year =         2016,
  address =      {济南},
  lang =         "zh",
}

@mastersthesis{Thesis-Zhangjun,
  author =       {张俊},
  title =        {含压缩空气储能的微网规划与运行控制研究},
  school =       {山东大学},
  year =         2016,
  address =      {济南},
  lang =         "zh",
}

@phdthesis{Thesis-Liujinglong,
  author =       {刘金龙},
  title =        {基于绝热压缩空气储能的分布式冷热功联产系统},
  school =       {中国科学院工程热物理研究所},
  year =         2016,
  address =      {北京},
  lang =         "zh",
}

@phdthesis{Thesis-Chengjie,
  author =       "Jie Cheng",
  title =        "{Configuration and Optimization of a Novel Compressed-Air-Assisted Wind Energy Conversion System}",
  year =         2016,
  month =        "July",
  school =       "University of Nebraska-Lincoln",
  address =      "USA"
}

@mastersthesis{Thesis-Zhangjunliang,
  author =       {张军良},
  title =        {压缩空气储能与煤气化联合运行系统㶲分析},
  school =       {华北电力大学},
  year =         2016,
  address =      {北京},
  lang =         "zh",
}

@mastersthesis{Thesis-Liuxiao,
  author =       {刘晓},
  title =        {具有碳捕集的{SOFC}/{GT}和压缩空气储能混合发电系统特性研究},
  school =       {山东大学},
  year =         2018,
  address =      {济南},
  lang =         "zh",
}

@mastersthesis{Thesis-Pangyongchao,
  author =       {庞永超},
  title =        {先进绝热压缩空气储能系统热力性能研究},
  school =       {华北电力大学},
  year =         2017,
  address =      {保定},
  lang =         "zh",
}

@mastersthesis{Thesis-Lizhen,
  author =       {李珍},
  title =        {含压缩空气的复合储能系统能量管理策略研究},
  school =       {山东大学},
  year =         2017,
  address =      {济南},
  lang =         "zh",
}

@mastersthesis{Thesis-Caiyouran,
  author =       {蔡悠然},
  title =        {压缩空气储能与溴化锂吸收式制冷联合运行系统㶲分析},
  school =       {华北电力大学},
  year =         2017,
  address =      {保定},
  lang =         "zh",
}


@mastersthesis{Thesis-Wangyunliang,
  author =       {王运良},
  title =        {微型压缩空气储能系统动态协调优化控制研究},
  school =       {山东大学},
  year =         2018,
  address =      {济南},
  lang =         "zh",
}

@mastersthesis{Thesis-Weixinguo,
  author =       {魏兴国},
  title =        {含压缩空气储能的CCHP系统设计与优化运行研究},
  school =       {山东大学},
  year =         2018,
  address =      {济南},
  lang =         "zh",
}

@mastersthesis{Thesis-Zhangyi,
  author =       {张怡},
  title =        {压缩空气储能系统与风力发电的耦合研究},
  school =       {中国科学院工程热物理研究所},
  year =         2018,
  address =      {北京},
  lang =         "zh",
}

@mastersthesis{metamori2004,
  author =       {Ashwin Raju Jeyakumar},
  title =        {Metamori: A library for Incremental File Checkpointing},
  school =       {Virgina Tech},
  year =         2004,
  month =        jun # "~21",
  address =      {Blacksburg},
}

@techreport{Thesis-Sylvain,
  title={Investigation and optimisation of hybrid electricity storage systems based on compressed air and supercapacitors},
  author={Lemofouet-Gatsi, Sylvain},
  year={2006},
  institution={EPFL}
}

@mastersthesis{Thesis-Jared-09,
  author = {Jared Brett Garrison},
  title = {An Integrated Energy Storage Scheme for a Dispatchable Wind Solar Powered Energy System},
  school = {The University of Texas at Austin},
  year = 2009,
  month = "December",
  address = {Austin}
}

@mastersthesis{Thesis-Andrew-18,
  author = {Joseph Andrew Huchette},
  title = {Advanced Mixed-integer Programming Formulation Methodology, Computation, and Application},
  school = {Massachusetts Institute of Technology},
  year = 2018,
  month = "June",
  address = {Boston}
}

@mastersthesis{metamori2004,
  author =       {Ashwin Raju Jeyakumar},
  title =        {Metamori: A library for Incremental File Checkpointing},
  school =       {Virgina Tech},
  year =         2004,
  month =        jun # "~21",
  address =      {Blacksburg},
}

@mastersthesis{Thesis-James,
  author =       {James Walter Keeney},
  title =        {Investigation of Compressed Air Energy Storage Efficiency},
  school =       {California Polytechnic State University},
  year =         2013,
  month =        "December"
}

@phdthesis{Thesis-Aaron,
  author =       "Aaron Keith Townsend",
  title =        "{A Grid-level Assessment of Compressed Air Energy Storage in {ERCOT}}",
  year =         2013,
  month =        "May",
  school =       "The University of Texas at Austin",
  address =      "USA"
}

@phdthesis{Thesis-Jared,
  author =       "Jared Brett Garrison",
  title =        "{A Grid-level Unit Commitment Assessment of High Wind Penetration and Utilization of Compressed Air Energy Storage in {ERCOT}}",
  year =         2014,
  month =        "December",
  school =       "The University of Texas at Austin",
  address =      "USA"
}

@phdthesis{Thesis-Shafiee,
  author =       "Soroush Shafiee",
  title =        "{Optimal Operation Planning of Compressed Air Energy Storage Plants in Competitive Electricity Markets}",
  year =         2017,
  month =        "May",
  school =       "University of CALGARY",
  address =      "CALGARY, ALBERTA"
}

@phdthesis{Thesis-Thomas,
  author =       "Thomas Nikolakakis",
  title =        "{A Mixed Integer Linear Unit Commitment and Economic Dispatch Model for Thermo-Electric and Variable Renewable Energy Generators with Compressed Air Energy Storage: Verification and Application Using Data From the Irish Grid}",
  year =         2017,
  school =       "Columbia Univeristy",
  address =      "USA"
}

@mastersthesis{Thesis-JaiDuhan,
  author =       {Jai Duhan},
  title =        {Compressed Air Energy Storage in Salt Caverns: Geomechanical Design Workflow, CAES Siting Study from a Geomechanics Perspective, and Deep Brine Disposal},
  school =       {University of Waterloo},
  year =         2018,
  address =      {Waterloo, Ontario, Canada},
}

@phdthesis{Thesis-Wangzhiwen,
  author =       {王志文},
  title =        {水下压缩空气储能系统设计与能效分析},
  school =       {大连海事大学},
  year =         2017,
  address =      {大连},
  lang =         "zh",
}


%% ==== isobaric air storage ===
@article{Isobaric-ACAES-18,
  title={A novel isobaric adiabatic compressed air energy storage (IA-CAES) system on the base of volatile fluid},
  author={Chen, Long Xiang and Xie, Mei Na and Zhao, Pan Pan and Wang, Feng Xiang and Hu, Peng and Wang, Dong Xiang},
  journal={Applied Energy},
  volume={210},
  pages={198--210},
  year={2018},
  publisher={Elsevier}
}

@book{Eng-Thermo-83,
  title={工程热力学, 第二版},
  author={沈维道 and 郑佩之},
  year={1983},
  publisher={高等教育出版社},
  address = "北京",
  lang = {zh}
}

@book{Game-Mei-16,
  title={工程博弈论基础及电力系统应用},
  author={梅生伟 and 刘锋 and 魏韡},
  year={2016},
  publisher={科学出版社},
  address = "北京",
  lang = {zh}
}

@book{Game-MIT-94,
  title={A course in game theory},
  author={Osborne, Martin J and Rubinstein, Ariel},
  year={1994},
  publisher={MIT press},
  address={Cambridge},
}


@book{MPEC-Conejo-book-12,
  title={Complementarity modeling in energy markets},
  author={Gabriel, Steven A and Conejo, Antonio J and Fuller, J David and Hobbs, Benjamin F and Ruiz, Carlos},
  volume={180},
  year={2012},
  publisher={Springer Science \& Business Media},
  address={New York},
}

@book{Uncertainty-Conejo-book-10,
  title={Decision making under uncertainty in electricity markets},
  author={Conejo, Antonio J and Carri{\'o}n, Miguel and Morales, Juan M and others},
  publisher={Springer},
  address={New York},
  year={2010},
}

@book{tex,
  author =       "Donald E. Knuth",
  title =        "The {\TeX} Book",
  publisher =    "Addison-Wesley Publishing Company",
  address =      "Reading, MA",
  year =         1989,
  edition =      "15th",
}

@book{companion,
  author =       "Michel Goosens and Frank Mittelbach and Alexander Samarin",
  title =        "The {\LaTeX} Companion",
  publisher =    "Addison-Wesley Publishing Company",
  address =      "Reading, MA",
  PAGES =        "112--125",
  year =         1994,
}
%% ======== general remark on clean energy ===========
@article{Balance-Nature16,
  title={A balancing act for renewables},
  author={Elliott, David},
  journal={Nature Energy},
  volume={1},
  pages={15003},
  month={Jan},
  year={2016}
}

@article{Chu-Nature-12,
  title={Opportunities and challenges for a sustainable energy future},
  author={Chu, Steven and Majumdar, Arun},
  journal={Nature},
  volume={488},
  number={7411},
  pages={294--303},
  month={Aug},
  year={2012}
}

@article{Obama-Science-17,
  title={The irreversible momentum of clean energy},
  author={Obama, Barack},
  journal={Science},
  volume={355},
  number={6321},
  pages={126--129},
  month={Jan},
  year={2017}
}

%% ======== renewable curtailment data and report ===========
% wind turbine report
@article{DOEReport2015,
  title={Enabling Wind Power Nationwide},
  author={Jose, Zayas and Michael, Derby and Patrick, Gilman and Ananthan, Shreyas and Lantz, Eric and Cotrell, Jason and Beck, Fredic and Tusing, Richard},
  year={2015},
pages = {6-6},
}

@article{Renewable-Curtail-15,
  title={Comprehensive review of renewable energy curtailment and avoidance: a specific example in China},
  author={Li, Canbing and Shi, Haiqing and Cao, Yijia and Wang, Jianhui and Kuang, Yonghong and Tan, Yi and Wei, Jing},
  journal={Renewable and Sustainable Energy Reviews},
  volume={41},
  pages={1067--1079},
  month={Jan},
  year={2015}
}

@article{Jinlin-Curtail-16,
  title={Reducing curtailment of wind electricity in China by employing electric boilers for heat and pumped hydro for energy storage},
  author={Zhang, Ning and Lu, Xi and McElroy, Michael B and Nielsen, Chris P and Chen, Xinyu and Deng, Yu and Kang, Chongqing},
  journal={Applied Energy},
  volume={184},
  pages={987--994},
  month={Dec},
  year={2016}
}

@online{Renew-Curtail-16-Xibei,
  author =      {国家能源局西北监管局},
  title =       {2016年西北区域新能源并网运行情况通报},
  modifydate =  {2017-01-18},
  citedate =    {2019-01-10},
  url =         {http://xbj.nea.gov.cn/website/Aastatic/news-176162.html},
  lang =        {zh},
}

@article{AA-CAES-Reserve-LYW-18,
  title={考虑先进绝热压缩空气储能电站备用特性的电力系统优化调度策略},
  author={李姚旺 and 苗世洪 and 尹斌鑫 and 罗星 and 王吉红},
  journal={中国电机工程学报},
  volume={38},
  number={4},
  pages={1--14},
  year={2018},
  lang={zh},
}

@article{CAES-Real-Time-Dispatch-LYW-18,
  title={含压缩空气储能电力系统日前–日内协调调度策略},
  author={李姚旺 and 苗世洪 and 罗星 and 尹斌鑫 and 王吉红},
  journal={中国电机工程学报},
  volume={38},
  number={10},
  pages={2849--2860},
  year={2018},
  lang={zh},
}

% renewable consumption
@article{Renewable-Consum-17,
  title={新能源消纳关键因素分析及解决措施研究},
  author={舒印彪 and 张智刚 and 郭剑波 and 张正陵},
  journal={中国电机工程学报},
  volume={37},
  number={1},
  pages={1--8},
  year={2017},
  language={chinese}
}

@article{Smart-Grid-Energy-Internet-14,
  title={从智能电网到能源互联网: 基本概念与研究框架},
  author={董朝阳 and 赵俊华 and 文福拴 and 薛禹胜},
  journal={电力系统自动化},
  volume={38},
  number={15},
  pages={1--11},
  year={2014},
  language={chinese}
}

@article{ESS-Engineering-15,
  title={规模化储能技术典型示范应用的现状分析与启示},
  author={胡娟 and 杨水丽 and 侯朝勇 and 许守平 and 惠东},
  journal={电网技术},
  volume={39},
  number={4},
  pages={879--885},
  year={2015},
  language={chinese}
}

%% =============== wind power remark ===============
@article{Wind-Energy-12,
  title={Wind energy development and its environmental impact: a review},
  author={Leung, Dennis YC and Yang, Yuan},
  journal={Renewable and Sustainable Energy Reviews},
  volume={16},
  number={1},
  pages={1031--1039},
  month={Jan},
  year={2012}
}

@book{Wind-Grid-14,
  title={Grid integration of wind energy: onshore and offshore conversion systems},
  author={Heier, Siegfried},
  month={Apr},
  year={2014},
  publisher={John Wiley \& Sons}
}

@article{Wind-Grid-09,
  title={Operational impacts of wind generation on {C}alifornia power systems},
  author={Makarov, Yuri V and Loutan, Clyde and Ma, Jian and De Mello, Phillip},
  journal={IEEE Transactions on Power Systems},
  volume={24},
  number={2},
  pages={1039--1050},
  year={2009},
  month={May}
}

@inproceedings{GT-Wind-05,
  title={Hybrid wind and advanced gas turbine farms: firm dispatchable power for weak grids},
  author={Miller, N. W. and Clark, K.},
  booktitle={Power Engineering Society General Meeting},
  pages={1939-1943},
  address={San Francisco, CA, USA},
  year={2005},
  month={June}
}


@article{GT-Wind-14,
  title={Managing Wind Variability with Pumped Hydro Storage and Gas Turbines},
  author={Bianchi, Michele and Branchini, Lisa and Cavina, Nicol nd Cerofolini, Alberto and Corti, Enrico and Pascale, Andrea De and Orlandini, Valentina and Melino, Francesco and Moro, Davide and Peretto, Antonio},
  journal={Energy Procedia},
  volume={45},
  pages={22-31},
  year={2014},
}

@article{WT-ESS-15,
  title={Coordinated Control Strategy of Wind Turbine Generator and Energy Storage Equipment for Frequency Support},
  author={Miao, Lu and Wen, Jinyu and Xie, Hailian and Yue, Chengyan and Lee, Wei Jen},
  journal={IEEE Transactions on Industry Applications},
  volume={51},
  number={4},
  pages={2732-2742},
  year={2015},
}

@article{WT-Battery-14,
  title={Improving grid integration of wind turbines by using secondary batteries},
  author={Sarrias-Mena, Ra��l and Fern��ndez-Ram��rez, Luis M. and Garc��a-V��zquez, Carlos A. and Jurado, Francisco},
  journal={Renewable & Sustainable Energy Reviews},
  volume={34},
  number={3},
  pages={194-207},
  year={2014},
}


@article{CAES-Wind-08,
  title={Mini-compressed air energy storage for transmission congestion relief and wind shaping applications},
  author={Penberton, D and Jewitt, J and Pletka, R and others},
  journal={New York State Energy Research and Development Authority, Albany Google Scholar},
  year={2008}
}


@inproceedings{CAES-Wind-10,
  title={Wind power integrated with compressed air energy storage},
  author={Daneshi, Ali and Sadrmomtazi, Nima and Daneshi, Hossein and Khederzadeh, Mojtaba},
  booktitle={Power and Energy (PECon), 2010 IEEE International Conference on},
  pages={634--639},
  year={2010},
  organization={IEEE}
}

@article{Wind-MPPT-13,
  title={Stability Analysis of Maximum Power Point Tracking ({MPPT}) Method in Wind Power Systems},
  author={Zou, Yu and Elbuluk, Malik E and Sozer, Yilmaz},
  journal={IEEE Transactions on Industry Applications},
  volume={3},
  number={49},
  pages={1129--1136},
  month={Mar},
  year={2013}
}

@inproceedings{CA-WT-16,
  title={The joint design of a compressed air and wind energy system for mechanical spillage recovery},
  author={Cheng, Jie and Choobineh, Fred},
  booktitle={Energy Conversion Congress and Exposition (ECCE), IEEE},
  pages={1--7},
  year={2016}
}

@article{Neural-MPPT-13,
  title={Neural {MPPT} of variable-pitch wind generators with induction machines in a wide wind speed range},
  author={Cirrincione, Maurizio and Pucci, Marcello and Vitale, Gianpaolo},
  journal={IEEE Transactions on Industry Applications},
  volume={49},
  number={2},
  pages={942--953},
  month={Mar},
  year={2013}
}

@inproceedings{WT-Dynamic-03,
  title={Dynamic modeling of {GE} 1.5 and 3.6 {MW} wind turbine-generators for stability simulations},
  author={Miller, Nicholas W and Sanchez-Gasca, Juan J and Price, William W and Delmerico, Robert W},
  booktitle={Power Engineering Society General Meeting, 2003, IEEE},
  pages={1977--1983},
  year={2003}
}

@article{PMSG-WT-13,
  title={A strategy for real power control in a direct-drive PMSG-based wind energy conversion system},
  author={Alizadeh, Omid and Yazdani, Amirnaser},
  journal={IEEE transactions on Power Delivery},
  volume={28},
  number={3},
  pages={1297--1305},
  month={Jul},
  year={2013}
}

@inproceedings{Dynamic-Perf-10,
  title={Dynamic performance of compressed air energy storage ({CAES}) plant for applications in power systems},
  author={Mart{\'\i}nez, M and Molina, MG and Mercado, PE},
  booktitle={Transmission and Distribution Conference and Exposition: Latin America (T\&D-LA), 2010 IEEE/PES},
  pages={496--503},
  year={2010},
  organization={IEEE}
}

@article{CA-WT-Patent-15,
  title={Wind energy to compressed air conversion system to extend wind turbine power generation capabilities},
  author={Cheng, J and Choobineh, F},
  journal={US Provisional Patent Application},
  number={62},
  pages={272},
  year={2015}
}

@article{VDM-05,
  title={Variable displacement {A/C} compressor},
  author={GORDON, JACQUES},
  journal={Motor Age},
  volume={4},
  pages={54--55},
  year={2005}
}


@misc{VDM-Website,
author = {mekanizmalar.com},
title = {Variable displacement piston pumps},
howpublished = {},
note = {[online] Available at: \url{http://www.mekanizmalar.com/variable_displacement_piston_pump.html}},
year = {2018}
}

@misc{CAES-Wiki,
author = {wikipedia.org},
title = {Compressed air energy storage},
howpublished = {},
note = {[online] Available at: \url{https://en.wikipedia.org/wiki/Compressed_air_energy_storage}},
year = {2018}
}

@inproceedings{CAES-Cal-12,
  title={Analysis and optimization of a quasi-isothermal compression and expansion cycle for ocean compressed air energy storage ({OCAES})},
  author={Park, Joong-kyoo and Ro, Paul I and Lim, Saniel D and Mazzoleni, Andre P and Quinlan, Brendan},
  booktitle={Oceans, 2012},
  pages={1--8},
  year={2012},
  organization={IEEE}
}

@inproceedings{CAES-State-11,
  title={Compressed air energy storage: State space modeling and performance analysis},
  author={Das, Trishna and Krishnan, Venkat and Gu, Yang and McCalley, James D},
  booktitle={Power and Energy Society General Meeting, 2011 IEEE},
  pages={1--8},
  year={2011},
  organization={IEEE}
}


%% =============== energy storage review (flexibility demand)===============
@article{ESS-IEEE-04,
  title={Energy storage and its use with intermittent renewable energy},
  author={Barton, John P and Infield, David G},
  journal={IEEE Transactions on Energy Conversion},
  volume={19},
  number={2},
  pages={441--448},
  month={Jun},
  year={2004}
}

@article{IEA-EES-09,
  title={Prospects for large-scale energy storage in decarbonised power grids},
  author={Inage, Shin-ichi},
  journal={International Energy Agency, IEA},
  year={2009}
}

@article{Battery-Nature-15,
  title={Towards greener and more sustainable batteries for electrical energy storage},
  author={Larcher, Dominique and Tarascon, Jean-Marie},
  journal={Nature Chemistry},
  volume={7},
  number={1},
  pages={19--29},
  year={2015},
  publisher={Nature Publishing Group}
}

@article{ESS-Review-09,
  title={Progress in electrical energy storage system: A critical review},
  author={Chen, Haisheng and Cong, Thang Ngoc and Yang, Wei and Tan, Chunqing and Li, Yongliang and Ding, Yulong},
  journal={Progress in Natural Science},
  volume={19},
  number={3},
  pages={291--312},
  month={Mar},
  year={2009}
}

@article{ERCOT-11,
  title={Grid flexibility and storage required to achieve very high penetration of variable renewable electricity},
  author={Denholm, Paul and Hand, Maureen},
  journal={Energy Policy},
  volume={39},
  number={3},
  pages={1817--1830},
  month={Mar},
  year={2011}
}

@article{EES-Review-12,
  title={A review of energy storage technologies for wind power applications},
  author={D{\'\i}az-Gonz{\'a}lez, Francisco and Sumper, Andreas and Gomis-Bellmunt, Oriol and Villaf{\'a}fila-Robles, Roberto},
  journal={Renewable and Sustainable Energy Reviews},
  volume={16},
  number={4},
  pages={2154--2171},
  month={May},
  year={2012}
}

@book{IEA-Report-14,
  title={Energy Technology Perspectives 2014: Harnessing Electricity's Potential},
  author={International Energy Agency},
  year={2012},
  publisher={OECD Publishing}
}

@article{BulkESS-Benefit-15,
  title={Assessing the benefits and economics of bulk energy storage technologies in the power grid},
  author={Das, Trishna and Krishnan, Venkat and McCalley, James D},
  journal={Applied Energy},
  volume={139},
  pages={104--118},
  month={Feb},
  year={2015}
}

@article{ESS-Decarbon-David-15,
  title={How much bulk energy storage is needed to decarbonize electricity?},
  author={Safaei, Hossein and Keith, David W},
  journal={Energy \& Environmental Science},
  volume={8},
  number={12},
  pages={3409--3417},
  year={2015},
  publisher={Royal Society of Chemistry}
}

@book{ESS-CESA-16,
  author =       {{中关村储能产业技术联盟}},
  title =        {储能产业研究白皮书2016},
  address =      {北京},
  publisher =    {中关村储能产业技术联盟},
  year =         2016,
  lang =         "zh"
}

@book{ESS-CIAPS-16,
  author =       {{中国化学与物理电源行业协会储能应用分会}},
  title =        {中国储能应用产业研究报告(2016年)},
  address =      {天津},
  publisher =    {中国化学与物理电源行业协会储能应用分会},
  year =         2016,
  lang =         "zh"
}

%% =============== thermal storage review ============

@article{TES-CSP-review-13,
  title={Thermal energy storage technologies and systems for concentrating solar power plants},
  author={Kuravi, Sarada and Trahan, Jamie and Goswami, D Yogi and Rahman, Muhammad M and Stefanakos, Elias K},
  journal={Progress in Energy and Combustion Science},
  volume={39},
  number={4},
  pages={285--319},
  month={Aug},
  year={2013}
}

%% ============ pumped hydrogen storage review ===============
@article{PHP-review-china-17,
  title={Pumped storage power stations in China: The past, the present, and the future},
  author={Kong, Yigang and Kong, Zhigang and Liu, Zhiqi and Wei, Congmei and Zhang, Jingfang and An, Gaocheng},
  journal={Renewable and Sustainable Energy Reviews},
  volume={71},
  pages={720--731},
  month={May},
  year={2017}
}

%% ================= CAES review =============
@article{CAES-Review-85,
  title={Compressed-air energy storage ({CAES}): Overview, performance and cost data for 25MW to 220MW plants},
  author={Schainker, Robert B and Nakhamkin, Michael},
  journal={IEEE Transactions on Power Apparatus and Systems},
  number={4},
  pages={790--795},
  month={Jul},
  year={1985}
}

@TechReport{CAES-Princeton-08,
  title =        {Compressed air energy storage: theory, resources, and applications for wind power},
  author =       {Succar, Samir and Williams, Robert H and others},
  year =         2008,
  month =        Apr # "~08",
  institution =  "Princeton Environmental Institute",
  url =          "http://citeseerx.ist.psu.edu/"
}

@article{CAES-Review-09,
  title={The role of compressed air energy storage ({CAES}) in future sustainable energy systems},
  author={Lund, Henrik and Salgi, Georges},
  journal={Energy Conversion and Management},
  volume={50},
  number={5},
  pages={1172--1179},
  month={May},
  year={2009}
}

@article{CAES-Baseload-Review-12,
  title={Baseload electricity from wind via compressed air energy storage ({CAES})},
  author={Mason, James E and Archer, Cristina L},
  journal={Renewable and Sustainable Energy Reviews},
  volume={16},
  number={2},
  pages={1099--1109},
  month={Feb},
  year={2012}
}

@article{CAES-Review-16-Polygeneration,
  title={A review on compressed air energy storage--A pathway for smart grid and polygeneration},
  author={Venkataramani, Gayathri and Parankusam, Prasanna and Ramalingam, Velraj and Wang, Jihong},
  journal={Renewable and Sustainable Energy Reviews},
  volume={62},
  pages={895--907},
  month={Sep},
  year={2016}
}

@article{CAES-Review-16-Rui,
  title={Review and prospect of compressed air energy storage system},
  author={Chen, Laijun and Zheng, Tianwen and Mei, Shengwei and Xue, Xiaodai and Liu, Binhui and Lu, Qiang},
  journal={Journal of Modern Power Systems and Clean Energy},
  volume={4},
  number={4},
  pages={529--541},
  month={Oct},
  year={2016}
}

@article{CAES-Review-16-overall,
  title={A review on compressed air energy storage: Basic principles, past milestones and recent developments},
  author={Budt, Marcus and Wolf, Daniel and Span, Roland and Yan, Jinyue},
  journal={Applied Energy},
  volume={170},
  pages={250--268},
  month={May},
  year={2016}
}

@article{CAES-Review-16-Xue-EI,
  title={面向能源互联网的非补燃压缩空气储能及应用前景初探},
  author={薛小代 and 梅生伟 and 林其友 and 陈来军 and 陈颖},
  journal={电网技术},
  volume={40},
  number={1},
  pages={164--171},
  year={2016},
 language={chinese}
}

@article{CAES-Review-17,
  title={Current research and development trend of compressed air energy storage},
  author={Wang, Jidai and Ma, Lan and Lu, Kunpeng and Miao, Shihong and Wang, Dan and Wang, Jihong},
  journal={Systems Science \& Control Engineering},
  volume={5},
  number={1},
  pages={434--448},
  month={Jan},
  year={2017}
}

@article{CAES-Review-17-Rui-salt,
  title={基于盐穴储气的先进绝热压缩空气储能技术及应用前景},
  author={梅生伟 and 公茂琼 and 秦国良 and 田芳 and 薛小代 and 李瑞},
  journal={电网技术},
  volume={41},
  number={10},
  pages={3392-3399},
  year={2017},
  language={chinese}
}

@article{CAES-Review-18-Rui-operation,
  title={先进绝热压缩空气储能技术研究进展及展望},
  author={梅生伟 and 李瑞 and 陈来军 and 薛小代},
  journal={中国电机工程学报},
  volume={38},
  number={10},
  pages={2893--2907},
  year={2018},
  language={chinese}
}

@article{IES-Review,
  title={多能互补网络建模及动态演化机理初探},
  author={梅生伟 and 李瑞 and 黄少伟 and 魏韡 and 张雪敏 and 卢强},
  journal={全球能源互联网},
  volume={1},
  number={1},
  pages={10-22},
  year={2018},
  language={chinese}
}

@article{CAES-DAM-Rui-18,
  title={先进绝热压缩空气储能电站日前电力市场主从博弈竞标策略},
  author={李瑞 and 陈来军 and 梅生伟 and 薛小代},
  journal={控制理论与应用},
  volume={35},
  number={5},
  pages={662--667},
  year={2018}
}

@article{CAES-Wind-Rui-19,
  title={先进绝热压缩空气储能宽工况运行特性建模及风电协同运行分析},
  author={李瑞 and 陈来军 and 梅生伟 and 韩月峰 and 薛小代},
  journal={电力系统自动化},
  volume={43},
  number={11},
  pages={25--33},
  year={2019}
}

@article{ST-CAES-CXT-18,
  title={A Solar--Thermal-Assisted Adiabatic Compressed Air Energy Storage System and Its Efficiency Analysis},
  author={Chen, Xiaotao and Zhang, Tong and Xue, Xiaodai and Chen, Laijun and Li, Qingsong and Mei, Shengwei},
  journal={Applied Sciences},
  volume={8},
  number={8},
  pages={1390},
  year={2018},
  publisher={Multidisciplinary Digital Publishing Institute}
}

%% ========= CAES and CAES-varient pilot =======
@misc{CAES-Patent-78,
  title={Thermal power plant with compressed air storage},
  author={Gyarmathy, Georg and Pfenninger, Hans},
  year={1978},
  month=jul # "~18",
  publisher={Google Patents},
  note={US Patent 4,100,745}
}

@techreport{A-CAES-Report-81,
  title={Conceptual design and engineering studies of adiabatic compressed air energy storage ({CAES}) with thermal energy storage},
  author={Hobson, MJ},
  month={Nov},
  year={1981},
  institution={Pacific Northwest Lab., Richland, WA (USA); Acres American, Inc., Columbia, MD}
}

@techreport{A-CAES-Report-82,
  title={An Assessment of second-generation compressed-air energy-storage concepts},
  author={Zaloudek, FR and Reilly, RW},
  month={Jul},
  year={1982},
  institution={Battelle Pacific Northwest Labs., Richland, WA (USA)}
}

@inproceedings{Huntorf-20-01,
  author ={Crotogino, Fritz and Mohmeyer, Klaus-Uwe and Scharf, Roland},
  title = {Huntorf {CAES}: More than 20 years of successful operation},
  booktitle =    {Spring 2001 Meeting},
  year =         2001,
  address =      {Orlando, Florida, USA},
  month =        Apr,
}

@inproceedings{CAES-Alabama-06,
  title={Compressed air energy storage ({CAES}): Alabama electric cooperative mcintosh plant--overview and operational history},
  author={Davis, L and Schainker, R},
  booktitle={Electricity storage association meeting: energy storage in action, Knoxville, TN},
  year={2006}
}

@article{CAES-Huntorf-12,
  title={Modeling and simulation of compressed air storage in caverns: a case study of the {H}untorf plant},
  author={Raju, Mandhapati and Khaitan, Siddhartha Kumar},
  journal={Applied Energy},
  volume={89},
  number={1},
  pages={474--481},
  month={Jan},
  year={2012}
}

@article{CAES-PNNL-13,
  title={Technoeconomic performance evaluation of compressed air energy storage in the Pacific Northwest},
  author={McGrail, BPJE and Cabe, J and Davidson, C and Knudsen, F and Bacon, D and Bearden, M and Charmness, M and others},
  journal={Pacific Northwest National Laboratory, Richland, USA},
  year={2013}
}

@article{TICC-15,
  title={Design and engineering implementation of non-supplementary fired compressed air energy storage system: {TICC-500}},
  author={Mei, Sheng Wei and Wang, Jun Jie and Fang, Tian and Chen, Lai Jun and Xue, Xiao Dai and Qiang, Lu and Yuan, Zhou and Zhou, Xiao Xin},
  journal={Science China Technological Sciences},
  volume={58},
  number={4},
  pages={600-611},
  year={2015},
}

@article{ADELE-ING-15,
  title={Adiabatic {CAES}: The {ADELE-ING} project},
  author={Zunft, Stefan},
  year={2015}
}

@article{TICC-16,
  title={Experimental study of compressed air energy storage system with thermal energy storage},
  author={Wang, Sixian and Zhang, Xuelin and Yang, Luwei and Zhou, Yuan and Wang, Junjie},
  journal={Energy},
  volume={103},
  pages={182--191},
  month={May},
  year={2016}
}

@article{ST-CAES-17,
  title={Paving the way to smart micro energy grid: concepts, design principles, and engineering practices},
  author={Mei, Shengwei and Li, Rui and Xue, Xiaodai and Chen, Ying and Lu, Qiang and Chen, Xiaotao and Ahrens, Carsten D. and Li, Ruomei and Chen, Laijun},
  journal={CSEE Journal of Power $\&$ Energy Systems},
  volume={3},
  number={4},
  pages={440-449},
  year={2017},
}

@article{Wind-Solar-CAES-12-Xu,
  title={风光互补的压缩空气储能与发电一体化系统特性分析},
  author={徐玉杰 and 陈海生 and 刘佳 and 谭春青},
  journal={中国电机工程学报},
  volume={32},
  number={20},
  pages={88--95},
  year={2012},
  lang={zh}
}

@article{ST-CAES-CN-16-Rui,
  title={智慧微能源网及工程实践},
  author={梅生伟 and 李瑞},
  journal={中国人工智能学会通讯},
  volume={6},
  number={10},
  pages={1--5},
  year={2016},
  lang={zh}
}
%% ======= A-CAES, AA-CAES concept ===========
@article{ACAES-Green-12,
  title={Green solution for power generation by adoption of adiabatic {CAES} system},
  author={Jubeh, Naser M and Najjar, Yousef SH},
  journal={Applied Thermal Engineering},
  volume={44},
  pages={85--89},
  month={Nov},
  year={2012}
}

@inproceedings{AA-CAES-04,
  title={Advanced adiabatic compressed air energy storage for the integration of wind energy},
  author={Bullough, Chris and Gatzen, Christoph and Jakiel, Christoph and Koller, Martin and Nowi, Andreas and Zunft, Stefan},
  booktitle={Proceedings of the European Wind Energy Conference, EWEC},
  volume={22},
  pages={25},
  month={Nov},
  year={2004}
}

@article{AA-CAES-07,
  title={Adiabatic compressed air energy storage plants for efficient peak load power supply from wind energy: the European project {AA-CAES}},
  author={Jakiel, Christoph and Zunft, Stefan and Nowi, Andreas},
  journal={International Journal of Energy Technology and Policy},
  volume={5},
  number={3},
  pages={296--306},
  month={Jan},
  year={2007}
}

@misc{AA-CAES-Patent-12,
  title={Advanced adiabatic compressed air energy storage system},
  author={Nakhamkin, Michael},
  year={2012},
  month=sep # "~11",
  publisher={Google Patents},
  note={US Patent 8,261,552}
}

%% =========== isothermal CAES concept ================
@misc{I-CAES-ESA,
author = {Energy Storage Association},
title = {Isothermal {CAES}},
howpublished = {},
note = {[online] Available at: \url{http://energystorage.org/energy-storage/technologies/isothermal-caes}},
year = {2018}
}

%% =========== distributed CAES concept ============
@misc{D-CAES-Patent-16,
  title={Distributed compressed air energy storage system and method},
  author={Hugo, Ronald J and Keith, David W and Mohamadabadi, Hossein Safaei},
  year={2016},
  month=apr # "~26",
  publisher={Google Patents},
  note={US Patent 9,322,296}
}

@article{AA-CAES-Demo-ALACAES-1,
  title={Pilot-scale demonstration of advanced adiabatic compressed air energy storage, Part 1: Plant description and tests with sensible thermal-energy storage},
  author={Geissb{\"u}hler, Lukas and Becattini, Viola and Zanganeh, Giw and Zavattoni, Simone and Barbato, Maurizio and Haselbacher, Andreas and Steinfeld, Aldo},
  journal={Journal of Energy Storage},
  volume={17},
  pages={129--139},
  year={2018},
  publisher={Elsevier}
}

@article{AA-CAES-Demo-ALACAES-2,
  title={Pilot-scale demonstration of advanced adiabatic compressed air energy storage, Part 2: Tests with combined sensible/latent thermal-energy storage},
  author={Becattini, V and Geissb{\"u}hler, L and Zanganeh, G and Haselbacher, A and Steinfeld, A},
  journal={Journal of Energy Storage},
  volume={17},
  pages={140--152},
  year={2018},
  publisher={Elsevier}
}

%% ============ CAES-voltage and frequency support ===============
% frequency regulation
@inproceedings{CAES-StateSpace-11,
  title={Compressed air energy storage: State space modeling and performance analysis},
  author={Das, Trishna and Krishnan, Venkat and Gu, Yang and McCalley, James D},
  booktitle={Power and Energy Society General Meeting, 2011 IEEE},
  pages={1--8},
  month={Jun},
  year={2011}
}

@article{CAES-Reactive-13,
  title={Operating compressed-air energy storage as dynamic reactive compensator for stabilising wind farms under grid fault conditions},
  author={Le, Ha Thu and Santoso, Surya},
  journal={IET Renewable Power Generation},
  volume={7},
  number={6},
  pages={717--726},
  month={Nov},
  year={2013}
}

@article{CAES-Reactive-18-LGK,
  title={压缩空气储能系统调相运行模式初探},
  author={李广阔 and 陈来军 and 郑天文 and 梅生伟 and 范越 and 卢强},
  journal={全球能源互联网},
  volume={1},
  number={3},
  pages={348--354},
  month={Jul},
  year={2018},
  language={chinese}
}

@article{ST-CAES-Control-18-CXT,
  title={改进的光热复合压缩空气储能系统设计方案及其仿真分析},
  author={陈晓弢 and 王国华 and 司杨 and 梅生伟 and 薛小代 and 陈来军 and 张学林},
  journal={电力自动化设备},
  volume={38},
  number={5},
  pages={20-26},
  year={2018},
  language={chinese}
}

%% =============  WT, PV and CAES integration =============
@article{Hybrid-CAES-06,
  title={Hybrid energy storage system based on compressed air and super-capacitors with maximum efficiency point tracking ({MEPT})},
  author={Lemofouet, Sylvain and Rufer, Alfred},
  journal={IEEE Transactions on Industry Applications},
  volume={126},
  number={7},
  pages={911--920},
  year={2006}
}

@article{CAES-Wind-07,
  title={Compressed air energy storage in an electricity system with significant wind power generation},
  author={Swider, Derk J},
  journal={IEEE transactions on energy conversion},
  volume={22},
  number={1},
  pages={95--102},
  month={Mar},
  year={2007}
}

@article{WT-CAES-16,
  title={Improving power grid performance using parallel connected Compressed Air Energy Storage and wind turbine system},
  author={Hasan, Nor Shahida and Hassan, Mohammad Yusri and Abdullah, Hayati and Rahman, Hasimah Abdul and Wan, Zaidi Wan Omar and Rosmin, Norzanah},
  journal={Renewable Energy},
  volume={96},
  pages={498-508},
  year={2016},
}

@article{WT-CAES-12,
  title={Optimization of specific rating for wind turbine arrays coupled to compressed air energy storage},
  author={Succar, Samir and Denkenberger, David C. and Williams, Robert H.},
  journal={Applied Energy},
  volume={96},
  number={8},
  pages={222-234},
  year={2012},
}

@inproceedings{WT-CAES-12-model,
  title={Modeling and control of a novel compressed air energy storage system for offshore wind turbine},
  author={Saadat, M and Li, P. Y},
  booktitle={American Control Conference},
  pages={3032-3037},
  year={2012},
}

@inproceedings{WT-CAES-Market-15,
  title={Revenue maximization of electricity generation for a wind turbine integrated with a Compressed Air Energy Storage system},
  author={Saadat, Mohsen and Shirazi, Farzad A. and Li, Perry Y.},
  booktitle={American Control Conference},
  pages={1560-1565},
  year={2015},
  address={Portland, OR},
  month={June}
}

@article{WT-CAES-Fea-15,
  title={Feasibility study of a hybrid wind turbine system �C Integration with compressed air energy storage},
  author={Sun, Hao and Luo, Xing and Wang, Jihong},
  journal={Applied Energy},
  volume={137},
  number={2},
  pages={617-628},
  year={2015},
}

@article{WT-CAES-Model-Exp-17,
  title={Modeling and Experimental Study of a Wind Turbine System in Hybrid Connection With Compressed Air Energy Storage},
  author={Krupke, Christopher and Wang, Jihong and Clarke, Jonathan and Luo, Xing},
  journal={IEEE Transactions on Energy Conversion},
  volume={32},
  number={1},
  pages={137-145},
  year={2017},
}

@article{CA-RECS-Model-Rui-18,
  title={Dispatchable Generation of a Novel Compressed-Air Assisted Wind Turbine and Its Operation Mechanism},
  author={Cheng, Jie and Li, Rui and  Choobineh, F. Fred and Hu, Qinran and Mei, Shengwei},
  journal={IEEE Transactions on Sustainable Energy},
  year={2018},
}


%% ============  thermodynamic ============
%% heat exchanger
@article{HeatExch-Char-84,
  title={Measurement of the heat transfer characteristics of gas flow in fine channel heat exchangers used for microminiature refrigerators},
  author={Wu, Peiyi and Little, WA},
  journal={Cryogenics},
  volume={24},
  number={8},
  pages={415--420},
  month={Aug},
  year={1984}
}

@article{HE-Eff-CN-17,
  title={流速及传热温差对换热器传热系数的影响},
  author={王芳 and 田宇 and 张新宇 and 崔璐璐},
  journal={哈尔滨理工大学学报},
  volume={22},
  number={2},
  pages={29--33},
  year={2017},
  language={chinese}
}

@article{Compressor-thermo-02,
  title={Analytical solutions and typical characteristics of part-load performances of single shaft gas turbine and its cogeneration},
  author={Zhang, Na and Cai, Ruixian},
  journal={Energy Conversion and Management},
  volume={43},
  number={9-12},
  pages={1323--1337},
  year={2002}
}

@incollection{Compressor-Off-Design-05,
  title={Modeling the Compressor Component, Design and Off-Design},
  author={Schobeiri, Meinhard},
  booktitle={Turbomachinery Flow Physics and Dynamic Performance},
  pages={345--408},
  year={2005},
  publisher={Springer},
  address={NeW York}
}

@article{Compressor-Review-17,
  title={Comparison of various regression models for predicting compressor and turbine performance parameters},
  author={Yazar, Isil and Yavuz, Hasan Serhan and Yavuz, Arzu Altin},
  journal={Energy},
  volume={140},
  pages={1398--1406},
  year={2017},
  publisher={Elsevier}
}

@article{AA-CAES-Simulation-19,
  title={Dynamic simulation of a cooling, heating and power system based on adiabatic compressed air energy storage},
  author={Li, Ruixiong and Wang, Huanran and Zhang, Haoran},
  journal={Renewable Energy},
  year={2019},
  publisher={Elsevier}
}

@article{CAES-TES-Thermo-08,
  title={Thermodynamic analysis of {CAES/TES} systems for renewable energy plants},
  author={Grazzini, Giuseppe and Milazzo, Adriano},
  journal={Renewable Energy},
  volume={33},
  number={9},
  pages={1998--2006},
  month={Sep},
  year={2008}
}

@inproceedings{Cavern-wall-09,
  title={Modelling and dynamic simulation of an underground cavern for operation in an innovative compressed air energy storage plant},
  author={Nielsen, LASSE and Leithner, REINHARD},
  booktitle={5th International Conference on Energy, Environment, Ecosystems and Sustainable Development (EEESD’09)},
  pages={285--293},
  year={2009},
  address={Athens,Greece},
  month={Sep},
}

@inproceedings{DPMG,
  author =       {Kim, Sangbum and Woo, Namyoon and Yeom, Heon Y. and Park,
                  Taesoon and Park, Hyoungwoo},
  title =        {Design and {I}mplementation of {D}ynamic {P}rocess
                  {M}anagement for {G}rid-enabled {MPICH}},
  booktitle =    {the 10th European PVM/MPI Users' Group Conference},
  year =         2003,
  address =      {Venice, Italy},
  month =        sep,
}


@inproceedings{Eff-Pow-MotCom-11,
  title={Optimal efficiency-power tradeoff for an air motor/compressor with volume varying heat transfer capability},
  author={Rice, Andrew T and Li, Perry Y},
  booktitle={ASME 2011 Dynamic Systems and Control Conference and Bath/ASME Symposium on Fluid Power and Motion Control},
  pages={145--152},
  year={2011},
  organization={American Society of Mechanical Engineers}
}

@book{Heat-mass-transfer-11,
  author =       "Bergman, Theodore L and Incropera, Frank P and DeWitt, David P and Lavine, Adrienne S",
  title =        "Fundamentals of heat and mass transfer",
  address=       {New Jersey},
  publisher =    "John Wiley $\&$ Sons",
  Pages =        "706--727",
  year =         2011,
}

@book{IEEE-1363,
  author =       {{IEEE Std 1363-2000}},
  title =        {{IEEE} Standard Specifications for Public-Key Cryptography},
  address =      {New York},
  publisher =    {IEEE},
  year =         2000
}

@article{A-CAES-Therm-12,
  title={A thermodynamic analysis of multistage adiabatic {CAES}},
  author={Grazzini, Giuseppe and Milazzo, Adriano},
  journal={Proceedings of the IEEE},
  volume={100},
  number={2},
  pages={461--472},
  month={Feb},
  year={2012}
}

@article{CHS-CAES-off-19,
  title={Comprehensive exergy analysis of the dynamic process of compressed air energy storage system with low-temperature thermal energy storage},
  author={Guo, Cong and Xu, Yujie and Guo, Huan and Zhang, Xinjing and Lin, Xipeng and Wang, Liang and Zhang, Yi and Chen, Haisheng},
  journal={Applied Thermal Engineering},
  volume={147},
  pages={684-693},
  year={2019}
}

% configuration
@article{ACAES-Conf-12,
  title={Simulation and analysis of different adiabatic compressed air energy storage plant configurations},
  author={Hartmann, Niklas and V{\"o}hringer, O and Kruck, C and Eltrop, L},
  journal={Applied Energy},
  volume={93},
  pages={541--548},
  month={May},
  year={2012}
}

@article{Variable-Conf-18,
  title={新型变压比压缩空气储能系统及其运行方式},
  author={李国庆 and 何青 and 杜冬梅 and 刘文毅},
  journal={电力系统自动化},
  volume={42},
  number={X},
  pages={1--7},
  year={2018},
  language={chinese}
}

@article{CAES-Inner-Comb-06,
  title={压缩空气-燃油混合动力的研究},
  author={翟昕 and 俞小莉 and 刘忠民},
  journal={浙江大学学报},
  volume={40},
  number={4},
  pages={610--614},
  year={2006},
  language={chinese}
}

% cavern temperature and pressure
@article{Cavern-model-12,
  title={Temperature and pressure variations within compressed air energy storage caverns},
  author={Kushnir, R. and Dayan, A. and Ullmann, A.},
  journal={International Journal of Heat \& Mass Transfer},
  volume={55},
  number={21-22},
  pages={5616-5630},
  year={2012},
}

% TES effect
@article{TES-Eff-CAES-13,
  title={The thermodynamic effect of thermal energy storage on compressed air energy storage system},
  author={Zhang, Yuan and Yang, Ke and Li, Xuemei and Xu, Jianzhong},
  journal={Renewable Energy},
  volume={50},
  pages={227--235},
  month={Feb},
  year={2013}
}

@article{ACAES-Packed-TES,
  title={Adiabatic Compressed Air Energy Storage with packed bed thermal energy storage},
  author={Barbour, Edward and Mignard, Dimitri and Ding, Yulong and Li, Yongliang},
  journal={Applied Energy},
  volume={155},
  pages={804-815},
  year={2015},
}

@article{HTH-CAES-Berk-18,
  title={Thermodynamic analysis of a high temperature hybrid compressed air energy storage ({HTH-CAES}) system},
  author={Houssainy, Sammy and Janbozorgi, Mohammad and Ip, Peggy and Kavehpour, Pirouz},
  journal={Renewable Energy},
  volume={115},
  pages={1043--1054},
  year={2018},
  publisher={Elsevier}
}
% check this literature
@article{Tri-CAES-thermo-15,
  title={Thermodynamic analysis of a novel tri-generation system based on compressed air energy storage and pneumatic motor},
  author={Liu, Jin-Long and Wang, Jian-Hua},
  journal={Energy},
  volume={91},
  number={11},
  pages={420-429},
  year={2015},
}

@article{CAES-Discharge-16,
  title={Energy efficiency analysis and off-design analysis of two different discharge modes for compressed air energy storage system using axial turbines},
  author={Zhao, Pan and Gao, Lin and Wang, Jiangfeng and Dai, Yiping},
  journal={Renewable Energy},
  volume={85},
  pages={1164--1177},
  month={Jan},
  year={2016}
}

@article{Ene-Exe-ACAES-17,
  title={Energy and exergy analysis of adiabatic compressed air energy storage system},
  author={Szablowski, Lukasz and Krawczyk, Piotr and Badyda, Krzysztof and Karellas, Sotirios and Kakaras, Emmanuel and Bujalski, Wojciech},
  journal={Energy},
  volume={138},
  pages={12--18},
  month={Nov},
  year={2017}
}

@article{A-CAES-Dynamic-17,
  title={Dynamic simulation of Adiabatic Compressed Air Energy Storage ({A-CAES}) plant with integrated thermal storage--Link between components performance and plant performance},
  author={Sciacovelli, Adriano and Li, Yongliang and Chen, Haisheng and Wu, Yuting and Wang, Jihong and Garvey, Seamus and Ding, Yulong},
  journal={Applied Energy},
  volume={185},
  pages={16--28},
  month={Jan},
  year={2017}
}

% air storage thermodynamic model
@article{CAES-Bilinear-17,
  title={Compressed Air Energy Storage-Part {I}: An Accurate Bi-linear Cavern Model},
  author={Zhan, Junpeng and Ansari, Osama Aslam and Chung, CY},
  journal={arXiv preprint arXiv:1709.08272},
  year={2017}
}

@article{Exergy-storage-17,
  title={Exergy storage of compressed air in cavern and cavern volume estimation of the large-scale compressed air energy storage system},
  author={Wei, He and Xing, Luo and Evans, David and Busby, Jonathan and Garvey, Seamus and Parkes, Daniel and Wang, Jihong},
  journal={Applied Energy},
  volume={208},
  pages={745-757},
  year={2017}
}

@article{CAES-CCHP-off-design-18,
  title={Investigation of operation strategy of combined cooling, heating and power(CCHP) system based on advanced adiabatic compressed air energy storage},
  author={Zhonghe, Han and Senchuang, Guo},
  journal={Energy},
  volume={160},
  pages={290-308},
  year={2018}
}

%% =========== CAES-IES =============
@article{CAES-IES-16-Rui,
  title={Optimal dispatch of zero-carbon-emission micro Energy Internet integrated with non-supplementary fired compressed air energy storage system},
  author={Li, Rui and Chen, Laijun and Yuan, Tiejiang and Li, Chunlai},
  journal={Journal of Modern Power Systems and Clean Energy},
  volume={4},
  number={4},
  pages={566--580},
  month={Oct},
  year={2016}
}

@article{Trigen-mCAES-15,
  title={Trigenerative micro compressed air energy storage: Concept and thermodynamic assessment},
  author={Facci, Andrea L and S{\'a}nchez, David and Jannelli, Elio and Ubertini, Stefano},
  journal={Applied Energy},
  volume={158},
  pages={243--254},
  month={Nov},
  year={2015}
}

@article{CAES-Alberta-14,
  title={Compressed air energy storage with waste heat export: An {A}lberta case study},
  author={Safaei, Hossein and Keith, David W},
  journal={Energy Conversion and Management},
  volume={78},
  pages={114--124},
  month={Feb},
  year={2014}
}

@article{Hybrid-CAES-14,
  title={Thermodynamic analysis of a hybrid thermal-compressed air energy storage system for the integration of wind power},
  author={Yang, Zhiwei and Wang, Zhe and Ran, Peng and Li, Zheng and Ni, Weidou},
  journal={Applied Thermal Engineering},
  volume={66},
  number={1-2},
  pages={519--527},
  month={May},
  year={2014}
}

@article{High-Temp-CAES-17,
  title={Lowering the cost of large-scale energy storage: High temperature adiabatic compressed air energy storage},
  author={C{\'a}rdenas, B and Pimm, Andrew James and Kantharaj, Bharath and Simpson, MC and Garvey, JA and Garvey, Seamus D},
  journal={Propulsion and Power Research},
  volume={6},
  number={2},
  pages={126--133},
  month={Jun},
  year={2017}
}

@article{mCAES-Heating-Cooling-10,
  title={Energy and exergy analysis of a micro-compressed air energy storage and air cycle heating and cooling system},
  author={Kim, YM and Favrat, Daniel},
  journal={Energy},
  volume={35},
  number={1},
  pages={213--220},
  month={Jan},
  year={2010}
}

@article{Tri-CAES-TES-12,
  title={A trigeneration system based on compressed air and thermal energy storage},
  author={Li, Yongliang and Wang, Xiang and Li, Dacheng and Ding, Yulong},
  journal={Applied Energy},
  volume={99},
  pages={316--323},
  month={Nov},
  year={2012}
}

@article{CAES-Distri-Heat-David-13,
  title={Compressed air energy storage ({CAES}) with compressors distributed at heat loads to enable waste heat utilization},
  author={Safaei, Hossein and Keith, David W and Hugo, Ronald J},
  journal={Applied Energy},
  volume={103},
  pages={165--179},
  month={Mar},
  year={2013}
}

@inproceedings{CAES-Heat-Export-14,
  title={Thermodynamic Analysis of a Compressed Air Energy Storage Facility Exporting Compression Heat to an External Heat Load},
  author={Safaei, Hossein and Aziz, Michael J},
  booktitle={ASME 2014 12th Biennial Conference on Engineering Systems Design and Analysis},
  pages={V003T12A012--V003T12A012},
  year={2014},
  organization={American Society of Mechanical Engineers}
}

@article{CAES-DES-Exerg-14,
  title={Exergy and exergoeconomic analysis of a Compressed Air Energy Storage combined with a district energy system},
  author={Bagdanavicius, Audrius and Jenkins, Nick},
  journal={Energy Conversion and Management},
  volume={77},
  pages={432--440},
  month={Jan},
  year={2014},
  publisher={Elsevier}
}

@article{Subcool-CAES-17,
  title={Subcooled compressed air energy storage system for coproduction of heat, cooling and electricity},
  author={Arabkoohsar, A and Dremark-Larsen, M and Lorentzen, R and Andresen, GB},
  journal={Applied Energy},
  volume={205},
  pages={602--614},
  month={Nov},
  year={2017}
}

@article{Thermo-WSCAES-17,
  title={Thermodynamic analysis of a novel hybrid wind-solar-compressed air energy storage system},
  author={Ji, Wei and Zhou, Yuan and Sun, Yu and Zhang, Wu and An, Baolin and Wang, Junjie},
  journal={Energy Conversion and Management},
  volume={142},
  pages={176--187},
  month={Jun},
  year={2017}
}

@article{Tri-CAES-Model-17,
  title={Modelling and analysis of a novel compressed air energy storage system for trigeneration based on electrical energy peak load shifting},
  author={Lv, Song and He, Wei and Zhang, Aifeng and Li, Guiqiang and Luo, Bingqing and Liu, Xianghua},
  journal={Energy Conversion and Management},
  volume={135},
  pages={394--401},
  month={Mar},
  year={2017}
}

@article{CAES-CCHP-Exergy-17,
  title={Exergy analysis of a Combined Cooling, Heating and Power system integrated with wind turbine and compressed air energy storage system},
  author={Mohammadi, Amin and Ahmadi, Mohammad H and Bidi, Mokhtar and Joda, Fatemeh and Valero, Antonio and Uson, Sergio},
  journal={Energy Conversion and Management},
  volume={131},
  pages={69--78},
  month={Jan},
  year={2017}
}

@article{Mul-Obj-CAES-CCHP-17,
  title={Multi-objective optimization and exergoeconomic analysis of a combined cooling, heating and power based compressed air energy storage system},
  author={Yao, Erren and Wang, Huanran and Wang, Ligang and Xi, Guang and Mar{\'e}chal, Fran{\c{c}}ois},
  journal={Energy Conversion and Management},
  volume={138},
  pages={199--209},
  month={Apr},
  year={2017}
}

@article{CAES-Concepts-Review-10,
  title={Available compressed air energy storage ({CAES}) plant concepts},
  author={Nakhamkin, Michael and Chiruvolu, Madhukar and Daniel, C},
  journal={Energy},
  volume={4100},
  number={0},
  pages={81},
  year={2010}
}

@article{CAES-Refri-06,
  title={A new compressed air energy storage refrigeration system},
  author={Wang, Shenglong and Chen, Guangming and Fang, Ming and Wang, Qin},
  journal={Energy Conversion and Management},
  volume={47},
  number={18-19},
  pages={3408--3416},
  year={2006},
  publisher={Elsevier}
}
%% =============  CAES efficiency remark ============
@article{RCAES-Para-14,
  title={The impact of key parameters on the cycle efficiency of multi-stage {RCAES} system},
  author={Liu, Bin and Chen, Laijun and Mei, Shengwei and Liu, Feng and Wang, Junjie and Wang, Sixian},
  journal={Journal of Modern Power Systems and Clean Energy},
  volume={2},
  number={4},
  pages={422--430},
  month={Dec},
  year={2014}
}

@article{AA-CAES-Eff-Struc-13,
  title={{AA—CAES}压缩膨胀系统的运行级数优化},
  author={李雪梅 and 杨科 and 张远},
  journal={工程热物理学报},
  volume={34},
  number={9},
  pages={1649--1653},
  year={2013},
  lang={zh}
}

%% ============= CAES Economics, value, self-scheduling================
@article{CAES-Congession-09,
  title={The value of compressed air energy storage with wind in transmission-constrained electric power systems},
  author={Denholm, Paul and Sioshansi, Ramteen},
  journal={Energy Policy},
  volume={37},
  number={8},
  pages={3149--3158},
  month={Aug},
  year={2009}
}

@article{Operation-CAES-Spot-09,
  title={Optimal operation strategies of compressed air energy storage ({CAES}) on electricity spot markets with fluctuating prices},
  author={Lund, Henrik and Salgi, Georges and Elmegaard, Brian and Andersen, Anders N},
  journal={Applied Thermal Engineering},
  volume={29},
  number={5-6},
  pages={799--806},
  month={Apr},
  year={2009}
}

@article{CAES-Reserve-11,
  title={The value of compressed air energy storage in energy and reserve markets},
  author={Drury, Easan and Denholm, Paul and Sioshansi, Ramteen},
  journal={Energy},
  volume={36},
  number={8},
  pages={4959--4973},
  month={Aug},
  year={2011}
}

@article{Economic-CAES-Uncertainty-13,
  title={The operational economics of compressed air energy storage systems under uncertainty},
  author={Yucekaya, Ahmet},
  journal={Renewable and Sustainable Energy Reviews},
  volume={22},
  pages={298--305},
  month={Jun},
  year={2013}
}

@article{CAES-Reserve-Bid-Therm-16,
  title={Considering thermodynamic characteristics of a {CAES} facility in self-scheduling in energy and reserve markets},
  author={Shafiee, Soroush and Zareipour, Hamidreza and Knight, Andrew},
  journal={IEEE Transactions on Smart Grid},
  volume={9},
  number={4},
  pages={3476--3485},
  month={July},
  year={2018}
}

%%  ============== ESS and CAES operation and dispatch ==================
@article{Model-AA-CAES-10,
  title={Modeling of an advanced adiabatic compressed air energy storage ({AA-CAES}) unit and an optimal model-based operation strategy for its integration into power markets},
  author={Steta, Fernando De Samaniego},
  journal={EEH Power Systems Laboratory Swiss Federal Institute of Technology (ETH)},
  month={Oct},
  year={2010},
  publisher={Citeseer}
}

@article{CAES-PH-Char-11,
  title={Operating characteristics of constant-pressure compressed air energy storage ({CAES}) system combined with pumped hydro storage based on energy and exergy analysis},
  author={Kim, YM and Shin, DG and Favrat, D},
  journal={Energy},
  volume={36},
  number={10},
  pages={6220--6233},
  month={Oct},
  year={2011}
}

@article{SCUC-CAES-12,
  title={Security-constrained unit commitment with wind generation and compressed air energy storage},
  author={Daneshi, H and Srivastava, AK},
  journal={IET Generation, Transmission \& Distribution},
  volume={6},
  number={2},
  pages={167--175},
  month={Feb},
  year={2012}
}

@article{ESS-Model-14,
  title={High-fidelity dispatch model of storage technologies for production costing studies},
  author={Das, Trishna and Krishnan, Venkat and McCalley, James D},
  journal={IEEE Transactions on Sustainable Energy},
  volume={5},
  number={4},
  pages={1242--1252},
  month={Oct},
  year={2014}
}

% air storage model application
@article{CAES-Bilinear-UC-17,
  title={Compressed Air Energy Storage-Part {II}: Application to Power System Unit Commitment},
  author={Zhan, Junpeng and Wen, Yunfeng and Ansari, Osama Aslam and Chung, CY},
  journal={arXiv preprint arXiv:1709.08275},
  year={2017}
}

%% ============= ESS and CAES market ================
@article{PHP-Market-CN-06,
  title={电力市场环境下抽水蓄能电站的运营模式与效益分析},
  author={黄业斌 and 刘国刚 and 文福拴 and 钟志勇 and 黄杰波},
  journal={电力科学与工程},
  volume={13},
  number={3},
  pages={56--62},
  year={2006},
  lang={zh}
}

@article{PHP-Price-CN-07,
  title={国外抽水蓄能电站的运营模式和电价机制},
  author={唐瑱 and 高苏杰 and 郑爱民},
  journal={中国电力},
  volume={40},
  number={9},
  pages={15--18},
  year={2007},
  lang={zh}
}

@inproceedings{CAES-MultiValue-11,
  title={Compressed air energy storage multi-stream value assessment on the {French} energy market},
  author={He, Xian and Lecomte, Raphael and Nekrassov, Andrei and Delarue, Erik and Mercier, Eric},
  booktitle={PowerTech, 2011 IEEE Trondheim},
  pages={1--6},
  month={Jun},
  year={2011},
  address={Trondheim, Norway}
}

@article{ESS-Opt-Place-13,
  title={A framework for optimal placement of energy storage units within a power system with high wind penetration},
  author={Ghofrani, Mahmoud and Arabali, Amirsaman and Etezadi-Amoli, Mehdi and Fadali, Mohammed Sami},
  journal={IEEE Transactions on Sustainable Energy},
  volume={4},
  number={2},
  pages={434--442},
  month={Apr},
  year={2013}
}

@article{CAES-Spot-Market-09,
  title={Optimal operation strategies of compressed air energy storage ({CAES}) on electricity spot markets with fluctuating prices},
  author={Lund, Henrik and Salgi, Georges and Elmegaard, Brian and Andersen, Anders N},
  journal={Applied thermal engineering},
  volume={29},
  number={5-6},
  pages={799--806},
  month={Apr},
  year={2009}
}

@article{Opt-Alloc-ESS-15,
  title={Optimal allocation of energy storage in a co-optimized electricity market: Benefits assessment and deriving indicators for economic storage ventures},
  author={Krishnan, Venkat and Das, Trishna},
  journal={Energy},
  volume={81},
  pages={175--188},
  month={Mar},
  year={2015}
}

@article{CAES-Micro-Bilevel-16,
  title={A bi-level program for the planning of an islanded microgrid including {CAES}},
  author={Zhang, Jun and Li, Ke-Jun and Wang, Mingqiang and Lee, Wei-Jen and Gao, Hongxia and Zhang, Chenghui and Li, Ke},
  journal={IEEE Transactions on Industry Applications},
  volume={52},
  number={4},
  pages={2768--2777},
  month={Jul},
  year={2016}
}

@article{Value-Arbit-ESS-Eurpoean-16,
  title={The value of arbitrage for energy storage: Evidence from European electricity markets},
  author={Zafirakis, Dimitrios and Chalvatzis, Konstantinos J and Baiocchi, Giovanni and Daskalakis, Georgios},
  journal={Applied Energy},
  volume={184},
  pages={971--986},
  month={Dec},
  year={2016}
}

@article{CAES-BidOff-Curve-17,
  title={Developing Bidding and Offering Curves of a Price-maker Energy Storage Facility Based on Robust Optimization},
  author={Shafiee, Soroush and Zareipour, Hamidreza and Knight, Andrew M},
  journal={IEEE Transactions on Smart Grid},
  volume={10},
  number={1},
  pages={650--660},
  month={Jan},
  year={2019}
}

@article{CAES-Value-Ireland-17,
  title={The Value of Compressed-Air Energy Storage for Enhancing Variable-Renewable-Energy Integration: The Case of {I}reland},
  author={Nikolakakis, Thomas and Fthenakis, Vasilis},
  journal={Energy Technology},
  volume={5},
  number={11},
  pages={2026--2038},
  month={Nov},
  year={2017}
}

@article{Risk-Bid-Off-CAES-17,
  title={Risk-constrained bidding and offering strategy for a merchant compressed air energy storage plant},
  author={Shafiee, Soroush and Zareipour, Hamidreza and Knight, Andrew M and Amjady, Nima and Mohammadi-Ivatloo, Behnam},
  journal={IEEE Transactions on Power Systems},
  volume={32},
  number={2},
  pages={946--957},
  month={Mar},
  year={2017}
}

@article{Robust-Bid-Off-CAES-18,
  title={Optimal bidding and offering strategies of merchant compressed air energy storage in deregulated electricity market using robust optimization approach},
  author={Nojavan, Sayyad and Najafi-Ghalelou, Afshin and Majidi, Majid and Zare, Kazem},
  journal={Energy},
  volume={142},
  pages={250--257},
  month={Jan},
  year={2018}
}

@article{Pay-as-Bid-08,
  title={Supplier’s optimal bidding strategy in electricity pay-as-bid auction: Comparison of the Q-learning and a model-based approach},
  author={Morteza, Rahimiyan and Habib, Rajabi Mashhadi},
  journal={Electric Power Systems Research},
  volume={78},
  pages={165--175},
  month={March},
  year={2008}
}

@article{Pay-as-Bid-RL-agent-17,
  title={An agent-based simulation of power generation company behavior in electricity markets under different market-clearing mechanisms},
  author={Aliabadi, Danial Esmaeili and Kaya, Murat and {\c{S}}ahin, G{\"u}ven{\c{c}}},
  journal={Energy policy},
  volume={100},
  pages={191--205},
  year={2017},
  publisher={Elsevier}
}

@article{CHP-Data-Source-18,
  title={Impacts of fleet types and charging modes for electric vehicles on emissions under different penetrations of wind power},
  author={Chen, Xinyu and Zhang, Hongcai and Xu, Zhiwei and Nielsen, Chris P and McElroy, Michael B and Lv, Jiajun},
  journal={Nature Energy},
  volume={3},
  pages={413},
  year={2018}
}
%%  =========== energy hub ===========
@article{EH-Concept-07,
  title={Energy hubs for the future},
  author={Geidl, Martin and Koeppel, Gaudenz and Favre-Perrod, Patrick and Klockl, Bernd and Andersson, Goran and Frohlich, Klaus},
  journal={IEEE Power and Energy Magazine},
  volume={5},
  number={1},
  pages={24--30},
  month={Jan},
  year={2007}
}

@inproceedings{Exergy-Hub-10,
  title={Maximizing exergy efficiency in multi-carrier energy systems},
  author={Krause, Thilo and Kienzle, Florian and Art, Simon and Andersson, G{\"o}ran},
  booktitle={Power and Energy Society General Meeting, 2010 IEEE},
  pages={1--8},
  month={Jul},
  year={2010}
}

% E-Internet-11
@article{EH-FREEDM-11,
  title={The future renewable electric energy delivery and management ({FREEDM}) system: the energy internet},
  author={Huang, Alex Q and Crow, Mariesa L and Heydt, Gerald Thomas and Zheng, Jim P and Dale, Steiner J},
  journal={Proceedings of the IEEE},
  volume={99},
  number={1},
  pages={133--148},
  month={Jan},
  year={2011}
}

% part-load formulation
@article{EH-Form-14,
  title={New formulations of the energy hub model to address operational constraints},
  author={Evins, Ralph and Orehounig, Kristina and Dorer, Viktor and Carmeliet, Jan},
  journal={Energy},
  volume={73},
  pages={387--398},
  month={Aug},
  year={2014}
}

@article{Hub-MEF-2,
  title={A decomposed solution to multiple-energy carriers optimal power flow},
  author={M. Moeini-Aghtaie, and A. Abbaspour, and M. Fotuhi-Firuzabad},
  journal={IEEE Trans. Power Syst.},
  volume={29},
  number={2},
  pages={707-716},
  month={Mar},
  year={2014}
}

@article{Hub-MEF-1,
  title={Energy flow optimization in multicarrier systems},
  author={A. Shabanpour-Haghighi, and A.R. Seifi},
  journal={IEEE Trans. Industrial Informatics},
  volume={11},
  number={5},
  pages={1067-1077},
  month={Oct},
  year={2015}
}

@article{Hub-Standard-18,
  title={Standardized matrix modeling of multiple energy systems},
  author={Y. Wang, and N. Zhang, and C. Kang, and D.S. Kirschen, and J. Yang, and Q. Xia},
  journal={IEEE Trans. Smart Grid, in press},
  publisher={IEEE}
}

@article{Co-Store,
  title={Dynamic energy, exergy and market modeling of a High Temperature Heat and Power Storage System},
  author={Arabkoohsar, Ahmad and Andresen, Gorm Bruun},
  journal={Energy},
  volume={126},
  pages={430--443},
  month={May},
  year={2017}
}

%% =========== Integrated energy systems ===============
@article{IES-2007,
  title={Optimal power flow of multiple energy carriers},
  author={Geidl, Martin and Andersson, Gran},
  journal={IEEE Trans. Power Syst},
  volume={22},
  number={1},
  pages={145-155},
  month={Feb},
  year={2007}
}

@article{4th-DHN-14,
  title={4th Generation District Heating (4{GDH}): Integrating smart thermal grids into future sustainable energy systems},
  author={Lund, Henrik and Werner, Sven and Wiltshire, Robin and Svendsen, Svend and Thorsen, Jan Eric and Hvelplund, Frede and Mathiesen, Brian Vad},
  journal={Energy},
  volume={68},
  pages={1--11},
  month={Apr},
  year={2014}
}

@article{IES-2015,
  title={Energy flow optimization in multicarrier systems},
  author={Shabanpour-Haghighi, Amin and Seifi, Ali Reza},
  journal={IEEE Trans. Ind. Informat},
  volume={11},
  number={5},
  pages={1067-1077},
  month={Oct},
  year={2015}
}

@article{IES-DHN-16-LZG,
  title={Combined heat and power dispatch considering pipeline energy storage of district heating network},
  author={Li, Zhigang and Wu, Wenchuan and Shahidehpour, Mohammad and Wang, Jianhui and Zhang, Boming},
  journal={IEEE Transactions on Sustainable Energy},
  volume={7},
  number={1},
  pages={12-22},
  month={Jan},
  year={2016}
}

@article{IES-Disp-17,
  title={Optimal dispatch of large multi-carrier energy networks considering energy conversion functions},
  author={Hohmann, Marc and Evins, Ralph and Lygeros, John},
  journal={Energy Procedia},
  volume={122},
  pages={80--85},
  month={Sep},
  year={2017}
}

@article{IES-CXY-18,
  title={Integrated Energy Systems for Higher Wind Penetration in {C}hina: Formulation, Implementation, and Impacts},
  author={Chen, Xinyu and McElroy, Michael B and Kang, Chongqing},
  journal={IEEE Transactions on Power Systems},
  volume={33},
  number={2},
  pages={1309--1319},
  month={Mar},
  year={2018}
}

%% ==========  concentrated solar power plant ===========
@article{TES-CSP-12,
  title={How thermal energy storage enhances the economic viability of concentrating solar power},
  author={Madaeni, Seyed Hossein and Sioshansi, Ramteen and Denholm, Paul},
  journal={Proceedings of the IEEE},
  volume={100},
  number={2},
  pages={335--347},
  month={Feb},
  year={2012}
}

@article{EH-CSP-17-Rui,
  title={Economic dispatch of an integrated heat-power energy distribution system with a concentrating solar power energy hub},
  author={Li, Rui and Chen, Laijun and Zhao, Bo and Wei, Wei and Liu, Feng and Xue, Xiaodai and Mei, Shengwei and Yuan, Tiejiang},
  journal={Journal of Energy Engineering},
  volume={143},
  number={5},
  pages={04017046},
  month={Jun},
  year={2017}
}


@article{Hub-Residential,
  title={Optimal operation of residential energy hubs in smart grids},
  author={M.C. Bozchalui, and S.A. Hashmi, and  H. Hassen, and C.A. Ca{\~n}izares, and K. Bhattacharya},
  journal={IEEE Trans. Smart Grid},
  volume={3},
  number={4},
  pages={1755-1766},
  month={Dec},
  year={2012}
}

@article{Hub-Industrial,
  title={Optimal operation of industrial energy hubs in smart grids},
  author={S. Paudyal, and C.A. Ca{\~n}izares, and K. Bhattacharya},
  journal={IEEE Trans. Smart Grid},
  volume={6},
  number={2},
  pages={684-694},
  month={Mar},
  year={2015}
}

@article{Hub-RO-1,
  title={A robust optimization approach to energy hub management},
  author={A. Parisio, and C. Del Vecchio, and A. Vaccaro},
  journal={Int. J. Electrical Power $\&$ Energy Systems},
  volume={42},
  number={1},
  pages={98-104},
  month={Nov},
  year={2012}
}

@article{Hub-Uncertainty-1,
  title={A probabilistic energy management scheme for renewable-based residential energy hubs},
  author={M. Rastegar, and M. Fotuhi-Firuzabad, and H. Zareipour, and M. Moeini-Aghtaieh},
  journal={IEEE Trans. Smart Grid},
  volume={8},
  number={5},
  pages={2217-2227},
  month={Sep},
  year={2017}
}

@article{Hub-Resilient,
  title={Resilient operation of multiple energy carrier microgrids},
  author={S.D. Manshadi, and M.E. Khodayar},
  journal={IEEE Trans. Smart Grid},
  volume={6},
  number={5},
  pages={2283-2292},
  month={Sep},
  year={2015}
}

@article{LXZ-DHN-2016,
  title={Combined analysis of electricity and heat networks},
  author={Liu, Xuezhi and Wu, Jianzhong and Jenkins, Nick and Bagdanavicius, Audrius},
  journal={Appl. Energy},
  volume={162},
  pages={1238-1250},
  month={Jan},
  year={2016}
}

@article{DHN-Model-17,
  title={Models for fast modelling of district heating and cooling networks},
  author={del Hoyo Arce, Itzal and L{\'o}pez, Saioa Herrero and Perez, Susana L{\'o}pez and R{\"a}m{\"a}, Miika and Klobut, Krzysztof and Febres, Jesus A},
  journal={Renewable and Sustainable Energy Reviews},
  volume={82},
  number={2},
  pages={1863-1873},
  month={Jul},
  year={2017}
}

@article{CF-VT-2013,
  title={Energy consumption and economic analyses of a district heating network},
  author={Pirouti, Marouf and Bagdanavicius, Audrius and Ekanayake, Janaka and Wu, Jianzhong and Jenkins, Nick},
  journal={Energy},
  volume={57},
  pages={149-159},
  month={Aug},
  year={2013}
}

@article{DHN-CFVT-2013,
  title={Energy consumption and economic analyses of a district heating network},
  author={Pirouti, Marouf and Bagdanavicius, Audrius and Ekanayake, Janaka and Wu, Jianzhong and Jenkins, Nick},
  journal={Energy},
  volume={57},
  pages={149--159},
  year={2013},
  publisher={Elsevier}
}

@article{DLMP-1,
  title={Distribution Locational Marginal Pricing ({DLMP}) for Congestion Management and Voltage Support},
  author={Bai, Linquan and Wang, Jianhui and Wang, Chengshan and Chen, Chen and Li, Fangxing Fran},
  journal={IEEE Transactions on Power Systems},
  month={Oct},
  year={2017}
}

@article{CSPHub17-1,
  title={Exergy analysis of concentrating solar systems for heat and power production},
  author={Cocco, Daniele and Petrollese, Mario and Tola, Vittorio},
  journal={Energy},
  volume={130},
  pages={192--203},
  month={Jul},
  year={2017}
}

@article{CSP,
  title={Estimating the capacity value of concentrating solar power plants with thermal energy storage: A case study of the southwestern United States},
  author={Madaeni, Seyed Hossein and Sioshansi, Ramteen and Denholm, Paul},
  journal={IEEE Transactions on Power Systems},
  volume={28},
  number={2},
  pages={1205--1215},
  month={May},
  year={2013}
}

@article{CSPHub17-2,
  title={Economic dispatch of an integrated heat-power energy distribution system with a concentrating solar power energy hub},
  author={Li, Rui and Chen, Laijun and Zhao, Bo and Wei, Wei and Liu, Feng and Xue, Xiaodai and Mei, Shengwei and Yuan, Tiejiang},
  journal={Journal of Energy Engineering},
  volume={143},
  number={5},
  pages={04017046},
  month={Jun},
  year={2017}
}


%% ============== energy hub plan ====================
@article{Hub-Plan-1,
  title={Optimal expansion planning of energy hub with multiple energy infrastructures},
  author={X. Zhang, and M. Shahidehpour, and A. Alabdulwahab, and A. Abusorrah},
  journal={IEEE Trans. Smart Grid},
  volume={6},
  number={5},
  pages={2303-2311},
  month={Sep},
  year={2015}
}

@article{Hub-Plan-2,
  title={Reliability-based optimal planning of electricity and natural gas interconnections for multiple energy hubs},
  author={X. Zhang, and L. Che, and M. Shahidehpour, and A.S. Alabdulwahab, and A. Abusorrah},
  journal={IEEE Trans. Smart Grid},
  volume={8},
  number={4},
  pages={1658-1667},
  month={Jul},
  year={2017}
}

@article{Hub-Plan-3,
  title={Optimal design of multicarrier energy systems considering reliability constraints},
  author={A. Shahmohammadi, and M. Moradi-Dalvand, and H. Ghasemi, and M.S. Ghazizadeh},
  journal={IEEE Trans. Power Del.},
  volume={30},
  number={2},
  pages={878-886},
  month={Apr},
  year={2015}
}

@article{Hub-Plan-4,
  title={Optimal planning and scheduling of energy hub in presence of wind, storage and demand response under uncertainty},
  author={S. Pazouki, and M.R. Haghifam},
  journal={Int. J. Electrical Power \& Energy Systems},
  volume={80},
  pages={219-239},
  month={Sep},
  year={2016}
}

@article{Hub-Plan-5,
  title={Optimal configuration planning of multi-energy systems considering distributed renewable energy},
  author={W. Huang, and N. Zhang, and J. Yang, and Y. Wang, and C. Kang},
  journal={IEEE Trans. Smart Grid, in press},
  year={2017}
}

@article{Hub-Plan-6,
  title={Integration of decentralized energy systems in neighbourhoods using the energy hub approach},
  author={K. Orehounig, and R. Evins, and V. Dorer},
  journal={Appl. Energy},
  volume={154},
  pages={277-289},
  month={Sep},
  year={2015}
}

%%  ============= energy hub market ============
@article{EH-Bid-Rui-18,
  title={Participation of an Energy Hub in Electricity and Heat Distribution Markets: An {MPEC} Approach},
  author={Li, Rui and Wei, Wei and Mei, Shengwei and Hu, Qinran and Wu, Qiuwei},
  journal={IEEE Transcations on Smart Grid},
  volume={99},
  pages={1--13},
  month={May},
  year={2018}
}

@article{EH-Market-1,
  title={Strategic behavior of multi-energy players in electricity markets as aggregators of demand side resources using a bi-level approach},
  author={M. Yazdani-Damavandi, and N. Neyestani, and M. Shafie-khah, and J. Contreras, and J.P. Catalao},
  journal={IEEE Trans. Power Syst. in press},
  year={2017}
}

@article{EH-Market-2,
  title={A stochastic bilevel model for the energy hub manager problem},
  author={A. Najafi, and H. Falaghi, and J. Contreras, and M. Ramezani},
  journal={IEEE Trans. Smart Grid},
  volume={8},
  number={5},
  pages={2394-2404},
  month={Sep},
  year={2017}
}

@article{EH-Market-3,
  title={Integrated demand side management game in smart energy hubs},
  author={A. Sheikhi, and M. Rayati, and S. Bahrami, and A.M. Ranjbar},
  journal={IEEE Trans. Smart Grid},
  volume={6},
  number={2},
  pages={675-683},
  month={Mar},
  year={2015}
}

@article{EH-Market-4,
  title={A decentralized energy management framework for energy hubs in dynamic pricing markets},
  author={S. Bahrami, and M. Toulabi, and S. Ranjbar, and M. Moeini-Aghtaie, and A. M. Ranjbar},
  journal={IEEE Trans. Smart Grid, in press},
  year={2017}
}

@article{EH-Bid-18,
  title={Optimal bidding strategy for an energy hub in energy market},
  author={Davatgaran, Vahid and Saniei, Mohsen and Mortazavi, Seyed Saeidollah},
  journal={Energy},
  volume={148},
  pages={482--493},
  month={Apr},
  year={2018}
}

%%
%% ============== power distribution market ==========
@article{PDN-Market-1,
  title={Nodal pricing for distribution networks: efficient pricing for efficiency enhancing {DG}},
  author={Sotkiewicz, Paul M and Vignolo, Jesus M},
  journal={IEEE Transactions on Power Systems},
  volume={21},
  number={2},
  pages={1013-1014},
  month={May},
  year={2006}
}


@article{PDN-Market-2,
  title={Pricing and control in the next generation power distribution system},
  author={Heydt, Gerald Thomas and Chowdhury, Badrul H and Crow, Mariesa L and Haughton, Daniel and Kiefer, Brian D and Meng, Fanjun and Sathyanarayana, Bharadwaj R},
  journal={IEEE Transacations on Smart Grid},
  volume={3},
  number={2},
  pages={907-914},
  month={Jan},
  year={2012}
}

@inproceedings{PDN-Market-3,
  title={A market mechanism for electric distribution networks},
  author={Li, Na},
  booktitle={Decision and Control (CDC), 2015 IEEE 54th Annual Conference on},
  pages={2276--2282},
  month={Dec},
  year={2015},
  organization={IEEE}
}

%% ============== heat market ======================
@article{Heat-Market-C2,
  title={District heating cost fluctuation caused by price model shift},
  author={Song, Jingjing and Wallin, Fredrik and Li, Hailong},
  journal={Applied Energy},
  volume={194},
  pages={715--724},
  month={May},
  year={2017}
}

@article{Heat-Market-C3,
  title={Modernizing residential heating in Russia: End-use practices, legal developments, and future prospects},
  author={Korppoo, Anna and Korobova, Nina},
  journal={Energy Policy},
  volume={42},
  pages={213--220},
  month={Mar},
  year={2012}
}

@article{Heat-Market-C4,
  title={Shadow prices for heat generation in time-dependent and dynamic energy systems},
  author={Andersson, M},
  journal={Energy},
  volume={19},
  number={12},
  pages={1205--1211},
  month={Dec},
  year={1994}
}

@article{Heat-Market-C5,
  title={Exergy loss as a basis for the price of thermal energy},
  author={Poredo{\v{s}}, Alojz and Kitanovski, Andrej},
  journal={Energy Conversion and Management},
  volume={43},
  number={16},
  pages={2163--2173},
  month={Nov},
  year={2002}
}

@article{Heat-Market-C6,
  title={Nodal prices in an integrated energy system},
  author={Quelhas, Ana M and Gil, Esteban and McCalley, James D},
  journal={International Journal of Critical Infrastructures},
  volume={2},
  number={1},
  pages={50--69},
  month={Dec},
  year={2005}
}

@article{Heat-Market-C7,
  title={An equivalent marginal cost-pricing model for the district heating market},
  author={Zhang, Junli and Ge, Bin and Xu, Hongsheng},
  journal={Energy Policy},
  volume={63},
  pages={1224--1232},
  month={Dec},
  year={2013}
}

@article{Heat-Market-C8,
  title={A review of the pricing mechanisms for district heating systems},
  author={Li, Hailong and Sun, Qie and Zhang, Qi and Wallin, Fredrik},
  journal={Renewable and Sustainable Energy Reviews},
  volume={42},
  pages={56--65},
  month={Feb},
  year={2015}
}

%% =============== power flow model and applications ===========

@article{Distflow-WFL,
  title={Network reconfiguration in distribution systems for loss reduction and load balancing},
  author={Baran, Mesut E and Wu, Felix F},
  journal={IEEE Transactions on Power Delivery},
  volume={4},
  number={2},
  pages={1401--1407},
  year={1989},
  publisher={IEEE}
}

@article{Branchflow-SH1,
  title={Branch flow model: Relaxations and convexification—{P}art {I}},
  author={Farivar, Masoud and Low, Steven H},
  journal={IEEE Transactions on Power Systems},
  volume={28},
  number={3},
  pages={2554--2564},
  year={2013},
  publisher={IEEE}
}

@article{BFM-Lin-1,
  title={Adaptive VAR control for 1068 distribution circuits with photovoltaic generators},
  author={Yeh, Hen-Geul and Gayme, Dennice F and Low, Steven H},
  journal={IEEE Transactions on Power Systems},
  volume={27},
  number={3},
  pages={1656-1663},
  month={Aug},
  year={2012}
}

@article{BFM-Lin-2,
  title={Coordinated energy management of networked microgrids in distribution systems},
  author={Wang, Zhaoyu and Chen, Bokan and Wang, Jianhui and Begovic, Miroslav M and Chen, Chen},
  journal={IEEE Transactions on Smart Grid},
  volume={6},
  number={1},
  pages={45-63},
  month={Jan},
  year={2015}
}

@article{Lossless-PDN-App1,
  title={Adaptive VAR control for distribution circuits with photovoltaic generators},
  author={Yeh, Hen-Geul and Gayme, Dennice F and Low, Steven H},
  journal={IEEE Transcations on Power Systems},
  volume={27},
  number={3},
  pages={1656-1663},
  month={Aug},
  year={2012}
}

@article{Lossless-PDN-App2,
  title={Inverter-less hybrid voltage/var control for distribution circuits with photovoltaic generators},
  author={Wang, Zhaoyu and Chen, Hao and Wang, Jianhui and Begovic, Miroslav},
  journal={IEEE Transactions on Smart Grid},
  volume={5},
  number={6},
  pages={2718-2728},
  month={Nov},
  year={2014}
}


%% ================  mathamatics =============================
@book{EPEC,
  title={Mathematical programs with equilibrium constraints},
  author={Luo, Zhi-Quan and Pang, Jong-Shi and Ralph, Daniel},
  month={Nov},
  year={1996},
  publisher={Cambridge University Press}
}

@article{Big-M-1981,
  title={A representation and economic interpretation of a two-level programming problem},
  author={Fortuny-Amat, Jos{\'e} and McCarl, Bruce},
  journal={Journal of the Operational Research Society},
  pages={783-792},
  month={Sep},
  year={1981}
}

@article{Binary-Expansion-1,
  title={Strategic bidding under uncertainty: a binary expansion approach},
  author={Pereira, Mario Veiga and Granville, S{\'e}rgio and Fampa, Marcia HC and Dix, Rafael and Barroso, Luiz Augusto},
  journal={IEEE Transactions on Power Systems},
  volume={20},
  number={1},
  pages={180-188},
  month={Feb},
  year={2005}
}

@article{Binary-Expansion-2,
  title={Pricing non-convexities in an electricity pool},
  author={Ruiz, Carlos and Conejo, Antonio J and Gabriel, Steven A},
  journal={IEEE Transactions on Power Systems},
  volume={27},
  number={3},
  pages={1334-1342},
  month={Aug},
  year={2012}
}


%% =============== simulation, computation toolbox =============
@inproceedings{YALMIP,
address = {Taipei, Taiwan},
author = {L{\"{o}}fberg, J.},
title = {{YALMIP} : A Toolbox for Modeling and Optimization in {MATLAB}},
booktitle = {In Proceedings of the CACSD Conference},
pages={284-289},
publisher ={IEEE},
month={Sep},
year = {2004}
}


@article{MATPOWER,
  title={{MATPOWER}: Steady-state operations, planning, and analysis tools for power systems research and education},
  author={Zimmerman, Ray Daniel and Murillo-S{\'a}nchez, Carlos Edmundo and Thomas, Robert John},
  journal={IEEE Transactions on Power Systems},
  volume={26},
  number={1},
  pages={12--19},
  month={Feb},
  year={2011}
}

@article{NIST-V9-1,
  title={NIST Standard Reference Database 23: reference fluid thermodynamic and transport properties - REFPROP, version 9.1, Standard Reference Data Program, National Institute of Standards and Technology},
  author={Lemmon, E W and Huber, M L and Mclinden, M O},
  journal={NIST NSRDS -},
  year={2010}
}

%% ============ associated Data ================
@misc{SystemData-CAWT,
author = {Rui Li},
title = {Case study results for the compressed-air assisted wind turbine ({CA-WT})},
howpublished = {},
note = {[online] Available at: \url{https://sites.google.com/site/ruilismarterrlc}},
year = {2018}
}


@misc{Winddata,
author = {U.S. National Renewable Energy Laboratory},
title = {{NREL}: Transmission grid integration - eastern wind dataset},
howpublished = {},
note = {[online] Available at: \url{http://www.nrel.gov/electricity/transmission/eastern_wind_methodology.html}},
year = {2016}
}

@article{Smart-Energy-Systems-15,
  title={Smart Energy Systems for coherent 100\% renewable energy and transport solutions},
  author={Mathiesen, Brian Vad and Lund, Henrik and Connolly, David and Wenzel, Henrik and {\O}stergaard, Poul Alberg and M{\"o}ller, Bernd and Nielsen, Steffen and Ridjan, Iva and Karn{\o}e, Peter and Sperling, Karl and others},
  journal={Applied Energy},
  volume={145},
  pages={139--154},
  year={2015},
  publisher={Elsevier}
}

@online{Aalborg-CSP,
  author =      {Aalborg {CSP}},
  title =       {{CSP} project overview of Aalborg {CSP} company},
  citedate =    {2019-03-02},
  url =         {https://www.aalborgcsp.com/projects/project-overview/}
}

@misc{ISONE,
author = {ISO New England Inc.},
title = {Independent system operator {N}ew {E}ngland: Real-time maps and charts},
howpublished = {},
note = {[online] Available at: \url{ http://www.iso-ne.com/isoexpress/web/charts}},
year = {2016}
}

@article{IEEE-RTS-24-2016,
  title={An updated version of the IEEE RTS 24-bus system for electricity market and power system operation studies},
  author={Ordoudis, Christos and Pinson, Pierre and Morales, Juan M and Zugno, Marco},
  journal={Technical University of Denmark},
  year={2016}
}

@online{Dresser-Rand-Smart-CAES,
  author =      {{Dresser-Rand Smart CAES}},
  title =       {Dresser-Rand pioneered the development of Compressed air energy storage(CAES) technology and complete CAES solutions more than 20 years ago},
  citedate =    {2019-01-10},
  url =         {http://www.dresser- rand.com/industries/energy-environment/compressed-air-energy-storage/},
}


@misc{SystemData-IES,
author = {Rui Li},
title = {Integrated heat-power system DataSet},
modifydate =  {2018-01-03},
citedate =    {2019-01-10},
url = {https://sites.google.com/site/ruilismarterrlc},
year = {2018}
}


@online{China-IET-CAES-14,
  author =      {{工程热物理研究所}},
  title =       {“先进压缩空气储能系统理论研究与技术研发”成果通过鉴定},
  modifydate =  {2014-01-03},
  citedate =    {2019-01-10},
  url =         {http:// www.cas.cn/ky/kyjz/201404/t20140403_4085514.shtml},
}

@online{China-IET-CAES-10MW-17,
  author =      {工程热物理研究所},
  title =       {国际首台10{MW}级压缩空气储能集成实验与验证平台开始系统联合调试},
  modifydate =  {2016-04-20},
  citedate =    {2019-01-10},
  url =         {http://www.etp.ac.cn/xwdt/kydt/201612/t20161213_4720289.html},
}

@inproceedings{ADELE-ing,
  author =       {Zunft S},
  title =        {Adiabatic CAES：The ADELE-ING project},
  booktitle =    {SCCER Heat $\&$ Electricity Storage Symposium},
  year =         2015,
  address =      {Villigen, Switzerland},
  month =        sep,
}

@online{RICAS-2020,
  author =      {{SINTEF}},
  title =       {{RICAS} 2020-Design study for advanced adiabatic compressed air energy storage ({AA-CAES})},
  modifydate =  {2015-10-28},
  citedate =    {2019-01-10},
  url =         {https://www.sintef.no/en/projects/ricas-2020-design-study-for-advanced-adiabatic-com/},
}

@online{ALACAES,
  author =      {{ALACAES}},
  title =       {Creating sustainable energy solutions for a brighter future},
  citedate =    {2019-01-10},
  url =         {https://alacaes.com/},
}

@online{SNF-project,
  author =      {{Professorship of Renewable Energy Carriers}},
  title =       {{SNF}- project-electricity storage via adiabatic air compression },
  citedate =    {2019-01-10},
  url =         {https://www.ethz.ch/content/ specialinterest/mavt/energy-technology/renewable-energy-carriers/en/research/energy-storage/elecstor.html},
}

@online{NRStor-Hydrostor,
  author =      {Colthrope A},
  title =       {Canadian firms NRStor and Hydrostor partner up on utility-scale adiabatic compressed air storage},
  citedate =    {2019-01-10},
  url =         {https://www.energy-storage.news/news/canadian-firms-nrstor-and-hydrostor-partner-up-on-utility-scale-adiabatic-c},
}

%% Power system operation
@article{CHP-Model-03,
  title={An efficient linear programming algorithm for combined heat and power production},
  author={Lahdelma, Risto and Hakonen, Henri},
  journal={European Journal of Operational Research},
  volume={148},
  number={1},
  pages={141--151},
  year={2003},
  publisher={Elsevier}
}

@article{CHP-Model-CXY-15,
  title={Increasing the flexibility of combined heat and power for wind power integration in {C}hina: Modeling and implications},
  author={Chen, Xinyu and Kang, Chongqing and O'Malley, Mark and Xia, Qing and Bai, Jianhua and Liu, Chun and Sun, Rongfu and Wang, Weizhou and Li, Hui},
  journal={IEEE Transactions on Power Systems},
  volume={30},
  number={4},
  pages={1848--1857},
  year={2015},
  publisher={IEEE}
}

@article{UC-Model-06,
  title={A computationally efficient mixed-integer linear formulation for the thermal unit commitment problem},
  author={Carri{\'o}n, Miguel and Arroyo, Jos{\'e} M},
  journal={IEEE Transactions on Power Systems},
  volume={21},
  number={3},
  pages={1371--1378},
  year={2006},
  publisher={IEEE}
}

@article{Robust-Self-Schedule-Review-18,
  title={A critical review of robust self-scheduling for generation companies under electricity price uncertainty},
  author={Vatani, Behdad and Chowdhury, Badrul and Dehghan, Shahab and Amjady, Nima},
  journal={International Journal of Electrical Power \& Energy Systems},
  volume={97},
  pages={428--439},
  year={2018},
  publisher={Elsevier}
}

@article{CXY-Plan-18,
  title={Power system capacity expansion under higher penetration of renewables considering flexibility constraints and low carbon policies},
  author={Chen, Xinyu and Lv, Jiajun and McElroy, Michael B and Han, Xingning and Nielsen, Chris P and Wen, Jinyu},
  journal={IEEE Transactions on Power Systems},
  volume={33},
  number={6},
  pages={6240--6253},
  year={2018},
  publisher={IEEE}
}

@article{IES-Model-CXY-18,
  title={Integrated energy systems for higher wind penetration in China: formulation, implementation, and impacts},
  author={Chen, Xinyu and McElroy, Michael B and Kang, Chongqing},
  journal={IEEE Transactions on Power Systems},
  volume={33},
  number={2},
  pages={1309--1319},
  year={2018},
  publisher={IEEE}
}

@article{PDN-Model-Reactive-Power-DT-16,
  title={A two-stage robust reactive power optimization considering uncertain wind power integration in active distribution networks},
  author={Ding, Tao and Liu, Shiyu and Yuan, Wei and Bie, Zhaohong and Zeng, Bo},
  journal={IEEE Transactions on Sustainable Energy},
  volume={7},
  number={1},
  pages={301--311},
  year={2016},
  publisher={IEEE}
}

@article{PDN-Model-Reactive-Power-14,
  title={A flexible mixed-integer linear programming approach to the AC optimal power flow in distribution systems},
  author={Ferreira, Rafael S and Borges, Carmen Lucia Tancredo and Pereira, Mario VF},
  journal={IEEE Transactions on Power Systems},
  volume={29},
  number={5},
  pages={2447--2459},
  year={2014},
  publisher={IEEE}
}

@article{PS-Flexibility-Plan-LZX-16,
  title={含高比例可再生能源电力系统灵活性规划及挑战},
  author={鲁宗相 and 李海波 and 乔颖},
  journal={电力系统自动化},
  volume={40},
  number={13},
  pages={147-158},
  year={2016},
  language={chinese}
}

@article{Neg-Price-German-13,
 title={The case of negative day-ahead electricity prices},
  author={Fanone, Enzo and Gamba, Andrea and Prokopczuk, Marcel},
  journal={Energy Economics},
  volume={35},
  pages={22--34},
  year={2013},
  publisher={Elsevier}
}

@TechReport{Neg-Price-US-Evidence,
  title =        {Growing Evidence of Increased Frequency of Negative Electricity Prices in {U.S.} Wholesale Electricity Markets},
  author =       {Maheen Bajwa and Joseph Cavicchi},
  year =         2017,
  month =        dec # "~05",
  institution =  "International Association for Energy Economics",
  url =          "https://www.compasslexecon.com/wp-content/uploads/2018/04/Growing-Evidence-of-Increased-Frequency.pdf"
}

%% ===========literature template in thuthesis ============
@book{IEEE-1363,
  author =       {{IEEE Std 1363-2000}},
  title =        {{IEEE} Standard Specifications for Public-Key Cryptography},
  address =      {New York},
  publisher =    {IEEE},
  year =         2000
}

@inproceedings{kocher99,
  author =       {C. Kocher and J. Jaffe and B. Jun},
  title =        {Differential Power Analysis},
  editor =       {M. Wiener},
  booktitle =    {Advances in Cryptology ({CRYPTO}~'99)},
  series =       {Lecture Notes in Computer Science},
  volume =       1666,
  pages =        {388-397},
  publisher =    {Springer-Verlag},
  month =        {August},
  year =         1999
}

@incollection{Krasnogor2004e,
  author =       {N. Krasnogor},
  title =        {Towards robust memetic algorithms},
  booktitle =    {Recent Advances in Memetic Algorithms},
  publisher =    {Springer Berlin Heidelberg},
  year =         2004,
  pages =        {185-207},
  editor =       {W.E. Hart and N. Krasnogor and J.E. Smith},
  volume =       166,
  series =       {Studies in Fuzziness and Soft Computing},
  address =      {New York},
}

@incollection{zjsw,
  author =       {班固},
  title =        {苏武传},
  booktitle =    {传记散文英华},
  publisher =    {湖北人民出版社},
  year =         1998,
  pages =        {65-69},
  editor =       {郑在瀛 and 汪超宏 and 周文复},
  volume =       2,
  series =       {新古文观止丛书},
  address =      {武汉},
  lang =         {zh},
}

@inbook{clzs,
  author =       {阎真},
  title =        {沧浪之水},
  chapter =      {大人物还是讲人情的},
  pages =        {185-207},
  publisher =    {人民文学出版社},
  year =         2001,
  lang =         {zh},
}

@book{tex,
  author =       "Donald E. Knuth",
  title =        "The {\TeX} Book",
  publisher =    "Addison-Wesley Publishing Company",
  address =      "Reading, MA",
  year =         1989,
  edition =      "15th",
}

@book{companion,
  author =       "Michel Goosens and Frank Mittelbach and Alexander Samarin",
  title =        "The {\LaTeX} Companion",
  publisher =    "Addison-Wesley Publishing Company",
  address =      "Reading, MA",
  PAGES =        "112--125",
  year =         1994,
}

@article{ELIDRISSI94,
  author =       "{Chafik El Idrissi}, M. and {Roney}, A. and {Frigon}, C. and
                  {Larzilli{\`e}re}, M.",
  title =        "Measurements of total kinetic-energy released to the {$N=2$}
                  dissociation limit of {H}$_2$ --- evidence of the dissociation
                  of very high vibrational {R}ydberg states of {H}$_2$ by
                  doubly-excited states",
  journal =      "Chemical Physics Letters",
  pages =        "260-266",
  volume =       224,
  number =       10,
  year =         1994,
}

@article{MELLINGER96,
  author =       "Mellinger, A. and Vidal, C. R. and Jungen, Ch.",
  title =        "Laser reduced fluorescence study of the carbon-monoxide nd
                  triplet {R}ydberg series-experimental results and multichannel
                  quantum-defect analysis",
  journal =      "J. Chem. Phys.",
  pages =        "8913-8921",
  volume =       104,
  number =       5,
  year =         1996,
}

@article{SHELL02,
  author =       "Michael Shell",
  title =        "How to Use the {IEEEtran \LaTeX} Class",
  journal =      "Journal of {\LaTeX} Class Files",
  year =         2002,
  volume =       12,
  number =       4,
  pages =        "100--120"
}

@TechReport{NPB2,
  title =        {The {NAS} Parallel Benchmarks 2.0},
  author =       {Alex Woo and David Bailey and Maurice Yarrow and Wijngaart
                  Wijngaart and Tim Harris and William Saphir},
  year =         1995,
  month =        dec # "~05",
  institution =  "The Pennsylvania State University CiteSeer Archives",
  url =          "http://www.nasa.org/"
}

@inproceedings{DPMG,
  author =       {Kim, Sangbum and Woo, Namyoon and Yeom, Heon Y. and Park,
                  Taesoon and Park, Hyoungwoo},
  title =        {Design and {I}mplementation of {D}ynamic {P}rocess
                  {M}anagement for {G}rid-enabled {MPICH}},
  booktitle =    {the 10th European PVM/MPI Users' Group Conference},
  year =         2003,
  address =      {Venice, Italy},
  month =        sep,
}

@inproceedings{cnproceed,
  author =       {王重阳 and 黄药师 and 欧阳峰 and 洪七公 and 段皇帝},
  title =        {武林高手从入门到精通},
  booktitle =    {第~$N$~次华山论剑},
  year =         2006,
  address =      {西安, 中国},
  month =        sep,
  lang =         "zh",
}

@article{cnarticle,
  author =       "贾宝玉 and 林黛玉 and 薛宝钗 and 贾探春",
  title =        "论刘姥姥食量大如牛之现实意义",
  journal =      "红楼梦杂谈",
  pages =        "260--266",
  volume =       224,
  year =         1800,
  lang =         "zh",
}

@mastersthesis{zhubajie,
  author =       {猪八戒},
  title =        {论流体食物的持久保存},
  school =       {广寒宫大学},
  year =         2005,
  address =      {北京},
  lang =         "zh",
}

@phdthesis{shaheshang,
  author =       {沙和尚},
  title =        {论流沙河的综合治理},
  school =       {清华大学},
  year =         2005,
  address =      {北京},
  lang =         "zh",
}

@mastersthesis{metamori2004,
  author =       {Ashwin Raju Jeyakumar},
  title =        {Metamori: A library for Incremental File Checkpointing},
  school =       {Virgina Tech},
  year =         2004,
  month =        jun # "~21",
  address =      {Blacksburg},
}

@phdthesis{FistSystem01,
  author =       "Erez Zadok",
  title =        "{FiST: A System for Stackable File System Code Generation}",
  year =         2001,
  month =        "May",
  school =       "Computer Science Department, Columbia University",
  address =      "USA"
}

@inbook{ColdSources,
  author =       {P. Gr{\"o}ning and L. Nilsson and P. Ruffieux and R.
                  Clergereaux and O. Gr{\"o}ning},
  title =        {Encyclopedia of Nanoscience and Nanotechnology},
  pages =        {547--579},
  publisher =    {American Scientific Publishers},
  year =         2004,
  volume =       1,
}

@online{chuban2001,
  author =      {萧钰},
  title =       {出版业信息化迈入快车道},
  modifydate =  {2001-12-19},
  citedate =    {2002-04-15},
  url =         {http://www.creader.com/news/200112190019.htm},
  lang =        {zh},
}

@online{oclc2000,
  author =      {{Online Computer Library Center, Inc.}},
  title =       {History of {OCLC}},
  citedate =    {2000-01-08},
  url =         {http://www.oclc.org/about/history/default.htm},
}

